2984 5100
143 703 151 716 ’
307 683 666 824 casquequushinet,
687 679 1232 794 quibusdisponendiinsdi'et,
1253 679 1354 790 p're·

234 861 238 873 ,
304 797 464 884 assuas
477 799 678 900 primarias
704 805 874 884 emittere
894 801 1184 884 consueverint
1171 827 1209 882 m
1234 801 1351 881 favo

303 926 385 998 reru
404 940 533 998 eurum
554 941 645 1021 quos
672 923 802 1044 dignos
825 920 1023 1002 statuiii'eot
1049 923 1095 1000 ad
1120 917 1352 1020 consequen·

303 1035 394 1116 dum
416 1038 655 1118 canonicatus
684 1031 890 1139 prebendas
917 1041 1061 1140 aliaque
1089 1035 1275 1120 beneficia·
1293 1035 1400 1132 adi

302 1149 576 1251 dispoiicionem
599 1154 840 1256 collegiorum
855 1169 1103 1234 conventuum
1130 1169 1195 1232 aut
1208 1152 1400 1256 singu-j

184 1315 187 1322 -
302 1265 438 1347 iarium
456 1265 693 1365 personarum
720 1269 922 1370 speetnntes
946 1248 1235 1370 hujusmodique
1255 1289 1349 1364 pre·

301 1383 405 1462 cibus
420 1381 444 1460 a
461 1381 707 1464 Collamribus
732 1383 770 1462 dr
785 1383 1031 1466 collatricibus
1064 1380 1217 1482 prefatis
1238 1383 1346 1480 pari·

299 1510 382 1573 tum
397 1494 511 1574 fuerit
524 1514 810 1600 reverenterque
824 1499 950 1598 dame,
973 1511 1017 1576 ut
1034 1495 1177 1590 decuit,
1202 1497 1343 1597 locus3

299 1606 389 1691 Inde
405 1609 594 1709 Maiorum
611 1612 764 1718 vestigia
781 1611 998 1713 solitumque
1011 1609 1346 1692 beneficentieoffi·
1398 1665 1400 1672 ‹

300 1720 401 1800 cium
416 1719 675 1824 prosequentes
699 1727 893 1826 primarias
907 1719 1344 1825 hujusmodiprecesno-
1400 1748 1401 1764 ¹

286 1837 417 1915 mas
405 1861 443 1916 m
457 1834 626 1916 favorem
647 1839 869 1919 venerabilis
887 1837 1086 1918 uenturae
1108 1835 1345 1932 chrtvdeu-

272 1946 382 2058 „boo
401 1955 566 2033 canonici
588 1955 742 2034 Ecclede
766 1957 887 2036 nostre
902 1955 1124 2058 Moguuti'ne
1145 1975 1190 2029 ac
1205 1951 1340 2030 Came·
1400 2051 1401 2054 q

298 2065 390 2142 rarii
379 2063 516 2141 nostri
530 2065 655 2145 devoti
676 2064 869 2145 &fidelis
857 2087 895 2144 an
914 2065 1057 2146 Christo
1072 2063 1246 2144 dileetim
1257 2063 1339 2144 Vos

298 2171 526 2276 rectoreque
549 2179 670 2258 vestre
691 2177 889 2258 decernere
911 2174 1141 2256 decrevimus
1167 2174 1336 2279 porrigi·

218 2291 226 2325 ‘
297 2309 456 2388 natuque
467 2289 506 2367 dt
523 2291 719 2371 emittimus
735 2313 809 2393 per·
817 2287 999 2389 presentes
1015 2311 1082 2366 vos
1097 2287 1337 2369 adhortantes

298 2397 389 2497 quio
406 2403 491 2508 ymo
520 2400 801 2506 &requirentes
822 2403 859 2484 iu
876 2397 1336 2500 vinutesmiieobedicn·

296 2510 355 2593 cie
368 2534 438 2620 pro
452 2512 534 2617 jure
549 2515 814 2600 consuetudinis
834 2508 988 2597 Eccieiie
1012 2513 1132 2595 nostre
1155 2512 1333 2593 mandan-

293 2641 354 2707 tes
382 2646 427 2709 ut
448 2634 687 2715 Bmdordron
711 2630 920 2735 preuietnm
951 2630 1089 2713 virtute
1119 2628 1332 2731 hujusmodi

297 2745 502 2829 nostrarum
516 2754 778 2853 primariorum
794 2771 946 2851 precum
968 2749 1016 2829 ad
1032 2744 1247 2831 beneficium
1261 2748 1332 2830 Ec·
1401 2744 1402 2769 ²

296 2864 528 2947 ciefiusticum
548 2870 593 2949 de
612 2872 732 2965 vestra
749 2868 980 2949 ordinacione
998 2862 1248 2945 nominatione
1262 2875 1330 2944 aut
1401 2878 1402 2883 ‘

92 3007 93 3014 Ν
246 3038 256 3053 .
297 2981 427 3079 quavis
443 2958 675 3114 dispoiicione
693 2985 868 3091 existens,
891 2980 1032 3081 iiquod
1048 2995 1154 3059 vacat
1174 2978 1220 3054 ad
1241 2998 1331 3075 pra-

266 3089 284 3182 s
294 3084 374 3169 sens
385 3109 450 3170 aut
464 3116 572 3193 quam
586 3096 749 3197 primum
765 3116 881 3173 vacas
883 3094 975 3187 erit,
998 3092 1096 3189 qnod
1112 3090 1206 3170 idem
1220 3088 1380 3166 Rern-¹

202 3238 208 3267 =
294 3207 427 3289 aarum
442 3208 559 3311 perse
575 3214 636 3292 vei
651 3209 755 3291 suum
772 3196 838 3291 a'ut
852 3202 936 3287 suros
950 3206 1132 3311 legitimos
1149 3226 1326 3300 procura·

296 3334 417 3401 torem
433 3330 495 3406 vel
509 3346 768 3429 procuratores
785 3324 932 3407 duxerit
954 3324 1235 3421 acceptandum,
1261 3320 1328 3399 ad·-

186 3428 191 3443 “
295 3440 471 3539 nimus,
501 3446 692 3527 nominetis
722 3463 788 3525 aut
813 3447 858 3525 de
882 3465 926 3523 eo
947 3440 1171 3543 provideatis
1196 3436 1231 3513 dr
1253 3436 1327 3521 hoc

301 3549 418 3628 eidem
436 3573 610 3654 quantum
624 3557 680 3657 jus
701 3555 807 3633 vobis
825 3554 893 3647 eii,
918 3548 1111 3661 conferatis
1126 3570 1170 3627 ac
1186 3545 1222 3623 in
1241 3541 1326 3641 pos·

235 3660 241 3673 ’
293 3648 478 3747 seffionem
496 3672 726 3768 corporalem
746 3668 888 3769 ponatis
903 3684 975 3767 quo
992 3656 1107 3767 magis
1120 3654 1323 3739 honoribus

295 3780 476 3864 fructibus
498 3787 650 3890 aliisque
665 3783 812 3920 juribus
830 3782 991 3882 plenarie
1008 3780 1153 3883 fineque
1177 3798 1325 3859 contra·

159 3908 164 3917 '
293 3896 450 3980 diiiione
472 3894 674 3979 fruatur
643 3922 740 3981 circa
776 3894 944 3999 premissa
969 3894 1181 3974 reverencie
1210 3890 1322 3973 officii

293 4005 455 4088 debitum
474 4025 619 4089 eatenus
641 4007 835 4107 prestaturi
851 4020 892 4085 ut
908 4022 1114 4103 contempta
1131 4018 1320 4083 conturna

291 4123 347 4200 cia
361 4146 430 4223 pro
447 4127 575 4205 merito
592 4121 800 4208 obediencie
817 4123 934 4205 vestre
950 4123 1046 4221 apud
1060 4142 1124 4197 nos
1139 4116 1219 4217 jure
1235 4110 1318 4215 pos·

109 4300 115 4311 s
283 4233 364 4343 ,utu
390 4233 648 4387 commendari.
688 4239 837 4323 Darem
855 4237 974 4338 Opido
989 4236 1109 4317 nostro
1124 4238 1157 4313 A
1151 4226 1324 4335 siioffeu·

1162 4340 1275 4467 purgit
