2984 5100
377 473 449 550 4¹?
699 432 980 509 Μ’
1015 510 1023 529 s
1064 430 1067 439 '

330 645 536 725 Romanum
564 634 763 735 Imperium
788 636 942 717 ubilibet
966 637 1260 737 constitutispru
1292 638 1353 717 be·

328 764 458 871 nelicio
472 789 712 881 Ecclefiastico
727 812 809 867 cum
831 756 919 867 cura
944 792 1004 869 vel
1027 791 1105 868 fine
1124 810 1214 869 cura
1241 792 1354 869 eciam

327 945 607 1025 srcaoonicotus
628 942 664 1019 tir
689 942 874 1042 prebenda
895 944 932 1020 in
963 942 1255 1041 Metropolitum
1287 949 1352 1023 Ca-

330 1100 555 1181 tlnedralibus
590 1096 650 1177 vel
676 1098 884 1201 collegiatis
914 1096 1076 1193 Eccleliis
1101 1096 1202 1177 foret
1221 1098 1273 1175 ad
1295 1114 1353 1173 eo·

311 1252 497 1333 'rumdem
522 1255 736 1332 collatorum
760 1252 984 1329 collatricum
1009 1253 1264 1354 collegiorum
1287 1253 1373 1329 Ca·

327 1408 532 1508 pitulorum
561 1407 597 1481 elz
625 1408 879 1483 conventuum
901 1405 1146 1483 Collacionem
1172 1405 1351 1503 provisro·

330 1588 412 1641 nem
429 1558 732 1661 presentacionem
748 1554 807 1633 seu
825 1520 989 1657 quamvis
1015 1557 1123 1633 aliam
1147 1540 1351 1653 lisponcio·

328 1746 413 1801 nem
428 1720 667 1799 communiter
683 1719 743 1795 vel
762 1716 901 1795 divium
916 1717 1118 1815 pertinente
1139 1739 1209 1814 pro
1232 1714 1350 1815 lingu-

299 1862 373 1951 'lis
395 1872 555 1972 personis
584 1868 835 1949 bene-meritis
859 1868 893 1945 o
917 1868 1099 1947 habilibus
1119 1890 1246 1965 preces
1278 1864 1348 1941 live

333 2012 599 2111 nominationes
626 2014 815 2125 primarias
852 2024 1012 2127 dirigere
1044 2020 1349 2103 effeclualiterll

331 2189 560 2290 integraliter
574 2205 736 2288 receptas
755 2189 788 2265 tir
808 2186 971 2267 admillas
990 2187 1215 2285 recipiendas
1234 2181 1271 2255 on
1288 2179 1345 2253 ad·

331 2337 534 2415 mittendas.
589 2340 727 2416 Idcirco
742 2338 968 2439 prefatorum
985 2332 1273 2445 predecellorum
1288 2356 1349 2412 no-

335 2488 489 2565 llrorum
512 2484 634 2564 felicio
654 2491 832 2588 capientes
849 2496 1058 2600 continuare
1072 2494 1222 2596 uestigia
1241 2495 1348 2570 devo-

331 2637 495 2716 cionibus
526 2639 651 2721 vestris
674 2665 743 2741 pro
764 2645 969 2742 honorabili
997 2651 1133 2727 devoto
1156 2648 1278 2726 nostro
1295 2645 1345 2722 di-

193 2803 200 2818 ‘
329 2789 425 2872 lello
447 2792 593 2888 johanne
615 2795 656 2868 de
679 2795 785 2900 Blifia
813 2771 944 2912 clerico
966 2797 1168 2880 Leodiensrs
1191 2797 1355 2880 Ducem
1387 2861 1388 2946 Ν

332 2960 538 3043 Baccalario
564 2924 761 3040 inertibus
788 2963 979 3060 primarias
1002 2965 1140 3044 nostras
1165 2963 1347 3044 offerimusv

328 3142 455 3223 preces
473 3122 615 3199 easdem
632 3120 848 3204 devociores
864 3121 998 3202 vestras
1021 3123 1206 3202 hortantes
1224 3121 1341 3198 vobis-

329 3297 402 3374 que
416 3295 483 3373 per
499 3272 567 3351 lrec
590 3271 710 3352 nostru
726 3257 872 3378 ¹regalia
893 3269 1026 3380 scripta
1050 3275 1208 3354 dinrure
1230 3273 1341 3374 preci·

328 3427 467 3530 pientes
486 3442 660 3526 quatenus
678 3426 986 3527 contemplacione
1000 3425 1136 3528 jurium
1154 3426 1338 3508 o'bservan-
1385 3541 1386 3544 Ν

207 3550 220 3583 ⁷
329 3581 469 3660 ciarum
495 3577 847 3664 &consuetudinum
867 3605 935 3662 nec
950 3603 1023 3660 non
1040 3581 1087 3662 ob
1108 3603 1259 3682 precum
1281 3604 1337 3660 no·
1385 3555 1386 3647 l

327 3740 484 3818 stratum
498 3737 704 3838 hujusmodi
730 3739 979 3848 reverenciam
997 3739 1216 3842 fingularem
1232 3736 1338 3838 ipsun

320 3897 500 3990 johannem
535 3898 581 3974 ad
598 3876 822 3976 'beneficium'
862 3897 1133 3978 ecclefiasticum
1171 3920 1255 3974 cum
1283 3919 1337 3974 cu·
1384 3867 1385 3929 Ν

327 4079 368 4133 ra
402 4057 460 4130 vel
490 4051 561 4130 snrc
587 4077 703 4150 cura,
757 4058 857 4154 cujus
889 4059 1038 4138 collario
1067 4057 1230 4158 prouilio
1262 4079 1336 4154 pre·

1147 4209 1298 4290 sentocio

1372 4505 1382 4801 l
