2984 5100
337 488 342 499 ’
376 520 446 594 350
709 473 975 563 &atym

325 696 446 771 Patres
472 688 578 768 fuiss'e
590 688 754 767 nonnihil
779 702 979 765 commotos
1009 686 1206 772 &sanum
1226 694 1361 793 impro-

323 809 415 888 bare
440 811 580 886 veritus
603 811 676 906 est,
700 804 908 905 conicitura
923 830 996 883 non
1020 830 1120 885 vana
1136 810 1242 889 idem
1271 818 1361 892 fun-

288 927 292 935 ’
325 954 410 1009 rum
431 926 577 1005 seffione
610 927 718 1004 tertia
745 924 888 1021 quando
920 940 999 1000 erat
1020 926 1194 1006 Patribus
1220 933 1362 1009 libellus

325 1046 602 1150 praelegendus,
627 1043 762 1119 iddrco
785 1040 949 1157 libellum
961 1046 1229 1145 purgatorium
1250 1052 1295 1127 in
1311 1074 1364 1127 ve·

326 1166 432 1267 stigio
455 1160 651 1257 porrexit,
673 1157 735 1254 qui
750 1154 914 1237 finriliter
941 1157 1055 1234 letius
1077 1162 1180 1238 estin
1210 1164 1365 1242 hanefe-

325 1305 367 1359 re
388 1275 619 1368 i'ententiam,
657 1272 836 1373 Legatum
863 1269 1055 1348 subvereri
1077 1298 1124 1351 ne
1139 1278 1191 1355 R.
1222 1280 1306 1357 Dn'i
1322 1282 1365 1361 sui

326 1393 455 1493 petitio
471 1389 543 1486 jam
560 1383 733 1483 praeletia
744 1384 853 1472 aliter
868 1400 977 1482 atque
990 1388 1065 1482 eius
1081 1387 1270 1471 sententia
1292 1394 1364 1473 fue-

327 1510 400 1601 rit,
426 1527 450 1581 a
474 1499 638 1578 Patribus
667 1496 881 1596 quibusdam
901 1498 945 1575 stt
971 1502 1143 1599 accepta,
1177 1500 1217 1583 ἂ
1241 1509 1311 1586 ille
1334 1513 1364 1587 in

323 1616 560 1716 suspicionem
591 1610 826 1689 delitescentis
846 1617 944 1711 apud
963 1639 1047 1691 eum
1064 1618 1253 1699 haereseos
1271 1648 1361 1721 pra-

323 1752 383 1811 ter
409 1744 553 1829 cuipam
581 1724 680 1803 suam
714 1728 946 1823 adducatur,
986 1730 1068 1807 ideo
1089 1728 1126 1807 se
1153 1736 1363 1814 necessitate

324 1849 449 1929 Dndm
474 1843 577 1922 suum
612 1864 634 1917 a
655 1838 852 1937 suspicione
877 1840 966 1918 farsa
987 1845 1221 1946 vindicandi,
1257 1856 1360 1956 cogi,

326 1966 375 2046 ad
388 1964 569 2061 integram
588 1956 745 2035 historia
772 1952 808 2031 d
832 1954 969 2033 confilii
990 1956 1065 2058 ejus
1081 1952 1360 2067 rationem,qua

330 2082 377 2158 ad
405 2077 603 2176 petendum
631 2070 763 2148 nume
793 2072 860 2169 stt,
895 2074 1060 2171 patribus
1077 2080 1357 2177 explicandam,

328 2220 408 2297 quae
426 2191 578 2267 haberet
599 2189 636 2265 in
666 2189 763 2263 hunc
787 2188 968 2284 modum,
1009 2190 1100 2264 Cum
1119 2193 1241 2271 Rmus
1260 2198 1358 2279 Dnit

327 2300 616 2388 Monasterienso
636 2300 790 2401 synodos
808 2300 1123 2405 osnaburgensem
1140 2304 1358 2393 &Minden

325 2422 400 2501 sent
424 2440 556 2518 magno
584 2415 700 2493 studio
734 2416 978 2516 instantiaque·
997 2436 1145 2519 cogeret
1166 2420 1203 2498 dt
1224 2430 1357 2511 aer-iter

263 2587 266 2597 .
323 2545 491 2611 moneret
501 2553 546 2605 ac
564 2528 753 2613 mandaret
768 2544 809 2640 ut
823 2553 864 2608 ea
882 2529 1044 2636 facerent
1055 2549 1163 2632 atque
1185 2538 1355 2622 docerent

325 2673 406 2748 quae
423 2645 569 2726 ecclesta
588 2645 777 2726 catholica
798 2643 967 2742 statuiffet
983 2647 1021 2722 dt.
1045 2647 1186 2748 scriptis
1210 2663 1354 2738 canoni-

324 2764 376 2842 cis
393 2781 502 2863 atque
518 2763 701 2860 Apostolis
725 2761 1081 2862 comprobarentur,
1117 2767 1300 2865 objetiam
1324 2784 1352 2861 ei

261 2938 263 2942 -
324 2879 457 2958 iuiffea
472 2880 674 2976 pastoribus
688 2881 725 2955 dt
740 2883 880 2978 populo
892 2878 1061 2958 Caesareae
1080 2884 1283 2984 Majestatis
1297 2900 1352 2976 de·

323 2994 560 3074 orarationem
580 2994 682 3068 velut
700 2990 817 3068 totius
843 2991 991 3089 Imperii
1014 2995 1183 3100 consensu
1207 3005 1352 3105 editam,

321 3108 544 3210 publicatam
558 3126 599 3177 ac
608 3121 804 3200 receptam,
819 3129 927 3203 quam
941 3111 1122 3187 mordicus
1137 3115 1349 3215 retinerent,

321 3219 463 3298 necfibi
473 3215 566 3310 eripi
583 3231 807 3309 paterentur,
827 3222 1350 3320 quorumintportunitaticum

179 3376 181 3380 ,
284 3398 287 3409 ,.
324 3322 719 3425 sevidiffetimirarem,
744 3333 880 3410 nocsua
897 3333 1005 3414 solius
1019 3337 1243 3418 authoritate
1260 3345 1351 3430 suffi.

322 3471 406 3526 cere
430 3451 477 3522 ad
497 3442 760 3545 obsistendum,
785 3474 827 3527 ac
845 3448 1076 3545 inferiorem,
1114 3457 1177 3550 qui
1190 3465 1348 3552 pertine·
1386 3507 1387 3554 ς

323 3556 416 3642 ciam
434 3567 1176 3666 eorumcontunderetatquereprimeret,
1202 3577 1349 3657 noluiffe
1386 3563 1387 3566 Ὺ

323 3674 444 3757 tamen
476 3679 584 3779 etiam
618 3675 867 3776 acquiescere,
914 3679 998 3756 licet
1029 3702 1102 3756 non
1131 3682 1345 3788 ignoraret,

324 3791 512 3873 duos'iiios
528 3794 700 3870 articulos
722 3792 881 3868 motibus
900 3795 1066 3870 tollendis
1087 3797 1269 3892 indultos,
1294 3803 1346 3877 ui-

323 3913 460 3989 delicet·
482 3933 527 3986 ne
553 3910 668 4010 (quod
697 3907 776 3988 fieri
803 3905 935 4008 podet)
971 3901 1170 3990 haberetur
1198 3911 1272 4010 ipse
1304 3917 1343 4017 de
1386 3911 1387 3920 '

299 4025 452 4106 ‘hterest
483 4027 543 4100 vel
566 4024 752 4101 schismate
779 4023 960 4123 suspeitus
998 4028 1133 4128 idcirco
1167 4027 1285 4106 visum
1312 4033 1343 4110 ei

273 4128 276 4131 ¹
320 4141 425 4220 fuiss'e
444 4139 613 4225 altiorem
638 4140 757 4220 hacin
775 4163 815 4219 re
836 4137 891 4218 sut
908 4141 1188 4242 Metropolitani
1202 4135 1341 4222 Antho-

436 4275 440 4282 '
1212 4275 1298 4335 nta-
