2984 5100
461 392 740 505 m,
800 548 804 561 Ι
992 438 1109 537 m'

121 627 329 733 spuitione&
343 630 650 711 commuratione
675 634 808 729 ploret.
822 630 988 715 omem
1007 658 1115 739 com·

120 744 213 823 nisos
231 745 293 825 esse
320 748 525 845 reperimus
552 745 588 821 dc
615 748 738 845 primo
769 750 869 829 circo
892 752 1114 835 locationem

120 852 331 942 venditionem
345 861 406 941 seu
420 861 691 964 alligomtiooem
710 863 962 962 pemmonem
986 867 1140 949 obedio.

121 980 269 1059 ecdurum
289 982 446 1061 curtium
463 980 657 1061 domorum
678 985 918 1089 gnengiarum
937 982 1116 1062 &smili-

120 1116 167 1171 um
185 1118 297 1175 rerum
314 1092 515 1175 faciendam
529 1118 598 1179 nec
611 1118 685 1175 non
698 1092 893 1177 solutiones
901 1098 1116 1197 pensionum

117 1202 148 1285 iu
163 1212 369 1311 temporibus
389 1213 518 1293 debitis
533 1213 674 1291 ratione
692 1212 874 1291 didlermn
888 1216 1117 1297 obedientio-

120 1347 232 1404 mmcc
245 1350 368 1407 terum
382 1350 426 1405 ac
441 1327 549 1405 etiam
575 1325 675 1403 circe
693 1324 966 1427 offignationem
993 1329 1126 1423 nomi·
1188 1348 1198 1359 “

119 1450 185 1515 num
199 1438 338 1535 illosum
354 1438 416 1537 qui
436 1435 578 1515 solvere
593 1436 878 1539 neglexerint&
899 1460 1031 1537 penam
1049 1462 1115 1518 eo·

120 1554 243 1631 cundem
263 1557 484 1653 precipimus
511 1554 652 1631 tam-in
672 1554 804 1657 mojori
827 1579 936 1662 quom
960 1560 1112 1660 reliquis

122 1670 244 1749 ecclesiis
265 1672 474 1753 civitatis&
496 1669 644 1777 diocefis
666 1671 888 1749 Colonienscs
903 1673 968 1754 ubi
989 1675 1114 1756 similis

121 1786 157 1861 cll
175 1784 379 1867 consuetudo
402 1782 610 1885 hujusmodi
635 1786 859 1865 obedientias
880 1787 1115 1887 &predictos

121 1918 163 1985 res
179 1900 417 1977 committendi·
442 1896 502 1977 seu
533 1900 677 1979 locandi
710 1902 885 1997 quasdam
914 1903 1114 1983 laudabiles
1241 1931 1245 1936 ·
1359 1839 1366 1987 Ξ

121 2015 356 2097 mollimtiones
383 2012 445 2093 bo.
468 2038 541 2093 me.
576 2000 750 2095 Fr'icluici
771 2016 892 2095 Archi
906 2016 1117 2119 -Episcopi

122 2132 223 2211 colon.
240 2132 390 2231 desuper
406 2132 520 2211 editas
536 2132 645 2213 etiam
660 2130 881 2211 auctoritate
900 2135 1114 2233 Apostolicc

121 2244 275 2327 innovatos
303 2248 342 2326 dc
365 2246 594 2328 confirmatas
626 2246 890 2328 inviolabiliter
914 2246 979 2327 sub
1010 2254 1116 2349 penis

121 2365 233 2465 inipfis
259 2369 438 2447 contentis
465 2366 653 2449 observari
679 2368 716 2445 dc
739 2364 943 2467 specialiter
966 2370 1115 2453 eonsue-

122 2484 252 2564 tudioem
269 2487 373 2570 illem
391 2482 575 2566 abolentes
591 2484 915 2584 inquibuscunque
929 2485 1118 2592 vigentem

121 2603 335 2706 coelestisque
361 2601 535 2684 haslenus
564 2600 798 2682 observatum
824 2603 930 2683 estut
951 2605 1118 2703 preditte

122 2718 276 2798 obediente
289 2735 446 2822 psopter
460 2717 814 2817 posieffioneslocari
829 2721 941 2818 vendi
954 2724 1015 2800 vel
1029 2715 1117 2802 coit-

121 2836 180 2912 tedi
196 2837 336 2934 prelatis
366 2833 596 2925 ecclesarum
616 2853 689 2912 non
715 2828 849 2934 possint
865 2836 1036 2914 volumus
1051 2822 1116 2914 di-

121 2949 177 3030 sus
196 2958 349 3053 prelatos
368 2953 529 3052 ejusdem
545 2947 614 3044 esse
623 2941 838 3032 conditionis
851 2973 935 3030 cum
943 2953 1118 3032 oliiscoo·

121 3072 268 3151 ooooicis
290 3073 323 3150 dc
345 3069 467 3150 secum
486 3091 556 3168 per
579 3068 700 3146 omnia
715 3083 759 3145 ut
773 3064 869 3146 uma
882 3063 1116 3168 scriptumest

120 3185 276 3271 observari
295 3212 453 3290 quarum
473 3187 766 3266 constitutionum
783 3201 889 3264 tenor
903 3183 1118 3286 sequitur&

121 3314 249 3394 titolis.
304 3319 477 3398 Preterea
503 3314 689 3392 statuimus
711 3313 747 3390 dc
769 3315 937 3390 volomus
959 3312 996 3388 dc
1013 3326 1117 3392 teno-

119 3454 148 3507 re
159 3431 365 3526 presentium
383 3431 591 3508 ordinamus
608 3432 711 3530 quod·
720 3430 888 3526 deinceps
910 3427 957 3506 ob
971 3429 1118 3508 necesst-

119 3559 206 3630 totem
223 3557 416 3632 utilitatem
438 3550 731 3630 commoditatem
749 3548 812 3626 seu
834 3550 942 3626 aliem
957 3551 1118 3628 rationo-

120 3658 204 3742 bilem
221 3669 468 3772 &legitimam
492 3665 632 3746 calisam
651 3663 796 3744 ecclesie
815 3663 851 3740 dc
870 3663 1020 3761 capituli
1033 3686 1118 3760 pre·
1223 3669 1227 3678 ’

121 3776 273 3876 dislopum
287 3781 539 3882 possessionum
563 3779 852 3867 obedientiarum
874 3778 1033 3854 curtium
1055 3779 1118 3855 de·
1226 3789 1235 3804 ¹

120 3891 267 3976 citimum
284 3899 522 4002 grmigierum
546 3900 739 3976 domorum
758 3889 941 3972 bonosum
956 3893 1117 3972 redditu·

120 4022 167 4080 um
178 4013 232 4087 seu
246 4014 379 4110 jurium
404 4014 464 4089 vel
491 4029 615 4090 rerum
633 4004 931 4110 quorumcunque
949 4009 1119 4086 immobi-

120 4112 189 4200 lium
207 4130 308 4208 unius
330 4129 391 4208 teu
423 4130 587 4236 plurium
614 4139 831 4236 quocunque
851 4112 1004 4205 'noniioe
1036 4148 1118 4204 cen·

233 4235 247 4260 ²
947 4238 1069 4319 lectur
