2984 5100
872 406 888 455 ⁵.
1025 429 1028 445 Ι

613 471 615 485 l
1222 487 1264 527 rm*
1300 495 1304 507 ι

518 504 737 573 'mm
744 516 783 572 '⁵
1064 535 1118 617 97

152 687 281 769 abund
309 684 424 782 lutere
444 692 559 771 chori*
572 692 610 771 dt
634 698 718 773 nilo
743 698 792 777 ab
813 700 887 781 alio
909 707 1098 789 canonicos
1123 712 1164 797 Q

152 808 227 885 alios
243 807 470 887 beneficiatos·
491 811 529 887 in
541 808 725 907 psallendo
742 816 867 894 divina
885 820 1003 903 officia
1021 881 1031 903 .
1048 886 1060 907 ‚
1079 813 1161 929 q'ui.

152 920 207 995 bus
222 919 347 997 divinis
370 920 657 1001 intereuntibus
679 926 791 1003 nichil
813 933 957 1029 penitus
982 940 1159 1019 ministre·

150 1050 220 1127 tur,
240 1036 448 1116 mandantes
470 1040 580 1117 etiam
600 1039 638 1115 in
662 1043 800 1122 virtute
818 1045 938 1125 nnete
959 1053 1162 1139 obedientie

151 1146 276 1247 prefato
294 1148 388 1227 Rriro
412 1148 506 1228 Patri
528 1149 611 1229 Drio
628 1154 746 1232 Archi
764 1157 940 1259 Episcopo
956 1180 1000 1240 ut
1016 1170 1164 1269 depre-

152 1264 259 1342 bendis
280 1264 463 1343 laicalibus
490 1266 525 1343 d
551 1267 676 1347 officiis
692 1275 881 1352 annalibus
898 1276 994 1355 disle
1014 1288 1163 1371 ecclesie

151 1373 327 1478 diligenter
348 1377 579 1459 scrutetur&
599 1381 760 1479 inquirat
782 1384 920 1485 &quat
937 1388 973 1462 d
993 1397 1065 1492 que
1079 1398 1163 1482 inu.

151 1485 216 1565 tiles
231 1488 264 1567 d
280 1491 422 1569 inutilia
439 1490 583 1569 ecclefie
606 1494 746 1592 reperit
773 1492 1000 1596 supprimere
1024 1521 1067 1581 ac
1090 1513 1162 1591 tol·
1254 1574 1259 1597 ‚

135 1606 213 1718 ‚lere
230 1611 359 1689 debeat
383 1636 512 1691 eorum
536 1637 735 1713 earumque
757 1614 899 1701 fruetus
924 1626 961 1701 in
983 1653 1161 1733 augmen.

149 1731 215 1797 tun
229 1720 341 1825 divini
357 1728 475 1805 cultus
495 1728 543 1803 ad
565 1724 762 1827 presentiam
784 1723 860 1811 file
890 1736 1159 1829 distributiones
1278 1818 1289 1849 ,

148 1858 333 1923 convertat
930 1871 932 1875 ·
1070 1859 1074 1875 “

227 1976 307 2057 xx.
335 1982 377 2061 In
403 1976 561 2060 uenena
582 1978 696 2080 santo·
720 1985 878 2064 aaran
900 1990 1090 2071 rumonus
1114 2008 1162 2075 ut
1285 1972 1291 1979 ’

151 2088 233 2168 ultra
253 2092 455 2193 sacerdotes
478 2096 563 2173 oslo
580 2098 837 2177 canonicorum
853 2101 1047 2182 secundum
1068 2124 1162 2187 teru-
1269 2194 1274 2201 ,

149 2224 205 2303 pus
226 2208 283 2288 sue
297 2215 517 2311 receptionis
539 2213 721 2298 seniorum
739 2208 798 2290 'ad
821 2220 1051 2299 diaconatum
1073 2226 1162 2303 too.
1268 2225 1272 2241 ·

149 2326 284 2427 demque
318 2332 400 2429 post
430 2353 491 2409 eos
518 2323 828 2430 sequentianno
864 2334 1164 2416 subdiaconatum

150 2438 229 2519 inira
244 2443 405 2540 primunr
425 2458 568 2544 tempus
590 2442 837 2547 legitimumsr
865 2448 1003 2527 fuerint
1025 2452 1062 2526 in
1085 2463 1162 2531 etu-

148 2569 177 2634 te
188 2561 297 2640 debita
312 2558 349 2638 se
359 2561 494 2640 saciant
504 2563 738 2662 promoveri,
764 2562 954 2646 sinautem
971 2567 1164 2666 postquam
1280 2575 1284 2589 ’
1342 2577 1346 2592 “

148 2668 265 2751 inerint
285 2675 323 2754 in
350 2675 448 2776 didla
467 2691 562 2754 etate
587 2673 652 2776 sub
673 2695 769 2776 pena
790 2674 1058 2778 suspensronurn
1078 2677 1161 2757 frua

149 2785 417 2884 sluumsbarum
434 2792 716 2890 prebendarum,

227 2921 323 3002 XXI.
353 2923 447 3022 „Cum
477 2903 675 3005 secuudum
706 2917 789 3021 jura
806 2936 883 3020 *per
905 2917 1162 3002 assecutionem

148 3033 444 3118 adninislratiouis
467 3034 687 3134 Episcopalis
705 3035 890 3135 dignitatis
914 3034 1164 3116 &decursum

148 3159 302 3252 temporis
326 3161 374 3236 de
398 3156 648 3239 consecrandis
672 3155 857 3259 Epil'eopis
876 3154 998 3233 ornuia
1023 3155 1160 3236 benefi-

150 3269 194 3346 cia
210 3293 356 3370 vatent,
380 3277 531 3356 abusum
551 3276 710 3358 illumin
733 3272 881 3352 ecclesra
907 3271 1038 3372 majori
1060 3275 1161 3352 colo·
1204 3338 1206 3345 .

151 3383 296 3467 niensrin
317 3393 546 3468 contrarium
564 3385 795 3469 observatum
811 3386 955 3482 penitus
973 3383 1162 3464 abolentes

137 3497 491 3584 deelaravimuotam
508 3503 737 3584 carronicatus
762 3500 799 3577 de
827 3500 1028 3602 prebendas
1051 3519 1163 3600 quam

152 3613 350 3721 quecunque
371 3623 442 3702 alia
459 3619 632 3710 beneficia
655 3621 803 3694 obtenta
821 3637 889 3716 per
907 3615 1067 3716 aliquem
1086 3635 1164 3691 nou

153 3727 352 3834 Episcopum
378 3762 401 3815 a
428 3745 593 3836 tempore
618 3735 818 3832 adeptionis
841 3729 1159 3811 administrationis
1252 3776 1255 3782 -

153 3841 353 3948 Episcopalit
376 3850 559 3953 diguitatis
590 3853 739 3954 decurso
766 3844 931 3942 tempore
968 3845 1012 3922 de
1038 3841 1163 3920 corde·
1231 3881 1236 3894 =

153 3971 274 4046 mandis
292 3970 476 4069 Episcopis
502 3964 682 4050 vacavisse
714 3963 751 4041 dc
780 3978 953 4062 tanquam
974 3984 1069 4040 nuuc
1097 3957 1165 4039 v'n·
1221 4021 1224 4025 ·

154 4085 314 4164 cantes¹dt
337 4087 501 4168 vacantia
520 4105 588 4184 per
608 4105 669 4162 eos
694 4083 859 4181 adquos
876 4079 1043 4194 ¹pertinet
1063 4073 1163 4191 posse

155 4195 509 4294 ddeberecouserri.
1193 4221 1201 4228 ’

196 4335 407 4438 rum
590 4328 778 4418 ιο,
935 4270 1115 4419 ’σικιιιιί
