2984 5100
522 412 790 495 mm
1053 448 1121 527 am

127 618 448 699 confitentibus&
470 618 580 698 rebus
597 617 793 712 fimilibus,
818 588 1079 718 responsum
1046 648 1080 703 er
1103 628 1169 727 est,

126 734 338 811 ordinem
327 758 364 811 m
385 734 548 812 Concilio
565 758 637 813 non
652 733 968 828 antevertendum,
993 733 1062 816 suis
1077 740 1165 821 locis

125 865 262 945 patres
286 844 382 930 hisce
401 848 445 925 de
458 846 574 925 rebus
596 849 834 952 cogitaturos

235 1030 415 1139 Omnibus
438 1055 558 1146 dicere
573 1055 782 1134 volentibus
798 1055 929 1132 auditis
944 1018 1174 1155 juliitlimiis¹

122 1168 296 1243 Concilii
319 1162 448 1243 Praeses
466 1169 589 1243 Rdum
615 1167 664 1245 D.
694 1164 934 1267 cyrenensem
951 1167 1102 1263 dicere,
1125 1162 1162 1241 se

120 1284 257 1363 studia
276 1284 638 1389 comprovincialium
652 1282 936 1382 Episcoporum,
964 1282 1162 1367 ‚referenti-

120 1403 205 1481 bus
228 1420 356 1473 eorum
377 1400 522 1499 Legatis
548 1397 620 1475 suae
641 1422 787 1497 quoque
815 1396 970 1476 dioecesrs
992 1399 1163 1497 Praelato·

118 1546 221 1599 mm
245 1508 282 1585 u
309 1515 455 1589 Patrum
478 1514 515 1589 in
536 1513 790 1609 promovenda
817 1529 925 1609 atquc
951 1510 1161 1610 exequenda

117 1633 286 1720 salutari
316 1630 380 1706 ista
401 1627 660 1705 reformatione
682 1627 797 1704 studia
815 1626 1040 1725 percepille,
1079 1646 1159 1724 qua
1255 1654 1258 1661 ¹

118 1757 202 1835 fibi
230 1750 338 1826 valde
358 1745 627 1846 probarentur,
651 1760 827 1823 coeterum
848 1744 1060 1846 gravamina
1069 1760 1159 1837 quo-

116 1894 218 1953 rum
236 1866 383 1966 quidam
397 1861 657 1953 meminissent,
689 1885 772 1961 nuae
788 1884 886 1939 eosa
906 1863 1014 1959 plena
1038 1856 1157 1937 nefor,

119 1981 310 2065 mationis'
327 1978 569 2077 exequutione
594 1977 704 2055 effert
723 1995 931 2071 remorata,
963 1974 998 2053 se
1015 1978 1050 2053 in
1064 1998 1164 2071 pror

116 2105 234 2183 >tinia
249 2096 396 2175 sellione
412 2099 623 2179 auditurum
642 2095 677 2173 ἀ
701 2120 785 2176 cum
808 2098 971 2175 Concilio
990 2096 1179 2195 cognitu-i

117 2235 242 2311 rum,
266 2211 323 2286 De
341 2204 481 2309 scriptis
498 2231 590 2285 vero
619 2232 699 2310 quae
721 2211 880 2309 plurima
899 2210 936 2287 in
952 2208 1155 2285 Concilium

115 2336 243 2410 allata
257 2323 369 2405 effent
383 2328 435 2405 ita
448 2321 612 2421 censere,
636 2341 678 2403 ut
697 2326 880 2406 ademeris
897 2330 1058 2423 primum
1083 2344 1151 2419 per

115 2455 250 2533 otium
264 2453 476 2554 legerentur
501 2463 610 2545 atque
631 2451 926 2547 expenderentur
937 2450 1163 2549 privatimlic¹

115 2593 211 2676 quae
234 2562 388 2644 Concilii
402 2559 660 2640 consultatione
676 2584 722 2638 ac
742 2561 951 2672 diseuffione
975 2563 1084 2664 digna
1097 2563 1154 2640 vi-

115 2675 317 2773 derentur,
341 2677 570 2758 referrentur
583 2673 910 2774 adejusjudicium,
942 2679 1079 2774 placuit
1087 2681 1152 2756 Pa·
1184 2775 1186 2782 y

114 2803 246 2882 tribus
268 2795 465 2892 sententia,
489 2815 645 2890 cumque
662 2789 832 2872 meridies
847 2783 1061 2888 appetisset,
1096 2793 1152 2870 di-

115 2912 351 2999 minturnis
374 2912 497 2990 Patres
511 2909 559 2986 ad
583 2907 715 2984 horam
735 2901 929 2999 secundant
945 2920 1062 3007 'usque
1082 2927 1164 3008 pos

111 3021 377 3110 meridianam.

352 3233 504 3339 Sffonis
517 3239 672 3355 secunde
698 3185 922 3320 ὢιιιῖιὶιιᾷιὶο.
970 3329 972 3336 ,
1037 3261 1044 3285 ‘

224 3401 323 3482 Rtiao
339 3429 423 3482 cum
438 3405 603 3483 Patribus
618 3405 712 3482 hora
726 3401 880 3496 secunda
899 3406 1149 3505 pomeridiana
1243 3431 1251 3462 ι

112 3519 168 3595 ad
186 3519 309 3598 locum
331 3520 557 3598 manationis
577 3520 753 3613 reverslS,
785 3518 881 3618 jusit
898 3523 994 3600 idem
1009 3523 1072 3601 ille
1099 3527 1151 3607 R,

112 3632 248 3710 Dniim
268 3629 510 3734 cyrenensem
527 3632 668 3730 dicere,
687 3631 728 3711 ·se
750 3658 886 3732 cupere
897 3661 942 3714 ne
951 3637 1148 3736 quidquam

110 3749 165 3822 ad
180 3747 384 3850 Religionis
400 3748 694 3835 instaurationem
712 3751 896 3846 pertinent
910 3767 1165 3848 pervertatur

110 3873 186 3935 aut
209 3863 473 3965 negligatur,
481 3862 606 3941 vereri
630 3876 753 3938 autem
773 3863 819 3938 ob
834 3864 991 3942 rationes
1017 3861 1142 3940 verili-

111 3973 226 4048 miles
243 3997 290 4050 ne
303 3966 410 4052 multi
432 3973 648 4056 subticeant
645 3997 721 4068 res,
752 4000 838 4074 quas
851 3977 997 4058 scirem
1010 3977 1146 4058 Conci-

111 4090 168 4164 lio
183 4087 229 4164 stt
246 4111 360 4187 opus,
385 4091 460 4170 sive
475 4093 576 4192 quod
591 4113 665 4170 nou
680 4089 762 4170 satis
778 4096 1019 4196 promptismt'
1037 4097 1146 4174 addi·

633 4207 714 4304 Yx4
945 4216 1098 4293 cendum

1223 556 1236 623 (n

1299 732 1309 767 l
