2984 5100
391 510 456 579 116
728 488 996 563 m

344 695 453 773 beant
478 644 736 771 transscribant
758 689 795 767 dr
821 679 1030 766 transscribi
1055 684 1189 766 faciant
1215 682 1253 759 dc
1283 674 1380 785 ipsae

342 815 441 911 apud
459 809 496 899 se
516 808 696 887 retineant
718 824 760 884 ut
779 830 826 885 ex
841 828 966 883 aarum
983 803 1137 882 ledlione
1154 800 1382 884 sufficienter

202 926 205 933 ’
342 930 469 1009 instrui
491 924 696 1025 poffintn·
686 951 722 1003 m
741 922 904 1028 ipsorum
927 920 1238 1000 sacramentorum
1257 914 1380 1000 admi

342 1040 550 1119 nistretione
581 1023 951 1145 &solempnitatibus
986 1034 1151 1111 circaea
1181 1025 1379 1111 servandis

342 1148 463 1239 nullu's
477 1154 638 1235 defectus
653 1153 678 1230 Γ
668 1178 729 1230 ve
739 1138 963 1255 negligentia
977 1133 1225 1243 committatur
1241 1155 1290 1227 de
1307 1172 1378 1248 qna

237 1320 241 1327 ·
342 1273 644 1371 transsumptione
682 1270 840 1349 officiali
871 1268 1074 1347 Colonienfi
1112 1268 1220 1344 fidem
1252 1268 1377 1345 facere

342 1390 439 1469 infra
453 1384 660 1485 predictum
683 1398 827 1481 tempus
839 1397 1055 1475 teneantur
1081 1382 1295 1463 mandantes
1312 1380 1376 1456 sub

343 1502 468 1579 eadem
492 1518 587 1595 pena
602 1494 768 1574 omnibns
787 1492 1032 1593 cujuscunque
1053 1482 1162 1569 status
1188 1488 1226 1567 dr
1249 1494 1376 1569 condi

341 1620 450 1697 tionis
472 1615 624 1694 exiliant
637 1617 683 1691 ad
699 1637 788 1713 quos
795 1614 952 1691 collatio
976 1611 1038 1689 seu
1058 1611 1289 1690 confirmatio
1315 1631 1376 1689 aut

342 1738 414 1815 alia
437 1733 564 1833 quevis
589 1730 750 1829 provifio
775 1729 810 1805 dt
836 1728 1017 1827 dispositio
1043 1726 1297 1825 predictarum
1319 1756 1375 1809 ec·

343 1848 552 1931 eclesiarum
576 1845 734 1942 pertinet
755 1860 797 1919 ut
820 1846 963 1921 nullum
986 1841 1154 1939 deinceps
1173 1844 1222 1915 ad
1246 1868 1376 1922 curam

341 1966 545 2044 nonnarum
568 1958 764 2053 admittant
790 1957 856 2033 nist
898 1956 1065 2058 diligenti
1104 1954 1374 2036 examinatione

342 2078 673 2183 premiffoidoneus
694 2076 742 2153 ed
757 2075 959 2175 prediilam
985 2098 1110 2156 curam
1132 2074 1168 2151 n
1192 2073 1374 2156 sufficicn-

342 2218 401 2291 ter
423 2201 466 2273 de
482 2193 656 2292 predictis
675 2195 988 2274 constitutionibus
1005 2197 1049 2271 de
1061 2193 1294 2273 sacramentis
1309 2201 1373 2273 ad-

342 2305 584 2399 ministrandis
599 2328 674 2402 que
695 2306 803 2387 etiam
821 2307 919 2402 apud
933 2303 970 2381 se
984 2304 1301 2403 haberetencatur
1320 2313 1375 2388 in·

340 2420 496 2504 munus
531 2422 645 2507 fuerit
670 2439 858 2519 repertus,
882 2422 923 2500 dt
946 2425 1030 2523 quia
1047 2424 1084 2501 in
1104 2424 1225 2501 nostra
1248 2426 1373 2503 visita·

342 2544 441 2621 tione
467 2545 710 2640 comperimus
729 2545 922 2622 nonnullos
947 2546 1230 2642 parrochialium
1256 2554 1372 2627 eccle-

248 2737 251 2748 .
296 2675 300 2680 ’
341 2665 474 2744 fiarum
491 2659 782 2744 reclocmluis
804 2653 959 2738 eccleliis
984 2661 1287 2742 irrationabiliter
1307 2668 1371 2742 ab·

341 2781 411 2865 elle
426 2783 635 2874 mandamus
665 2783 802 2859 eisdem
828 2797 871 2859 ut
893 2777 990 2858 infra
1017 2777 1080 2858 sex
1105 2780 1243 2859 menses
1268 2805 1292 2858 a
1313 2786 1370 2862 die

340 2888 593 3002 publicationis
618 2895 839 2992 presentium
866 2889 914 2973 ad
937 2891 1016 2972 snas
1040 2891 1162 2974 eccles
1152 2920 1202 2973 as
1229 2894 1368 2979 ibidem

339 3027 464 3120 prout
466 3007 635 3088 convenit
656 3007 721 3087 res
726 3015 842 3088 dendo
869 3007 1011 3090 reverti
1028 3015 1184 3090 debeant
1201 3013 1382 3114 alioquin

340 3125 434 3226 ipsos
453 3111 536 3204 ¹tellit
522 3144 576 3204 ter
599 3123 762 3205 absentes
785 3123 996 3226 huiusmodi
1027 3129 1193 3208 ecclesiis
1204 3133 1368 3210 decerni

337 3261 418 3344 mm
434 3231 505 3316 else
519 3241 696 3338 privatos.

457 3439 515 3520 De
537 3398 677 3522 relic
600 3439 703 3552 giofls
715 3444 856 3548 propria
876 3437 1076 3535 habentibus
1098 3439 1136 3526 ll
1159 3440 1243 3528 elia.

430 3569 550 3684 'xm
535 3611 580 3684 lL
608 3610 701 3688 Cum
716 3629 789 3688 tam
810 3614 847 3690 in
864 3603 1363 3710 monasteriismonaehornnt

337 3746 446 3842 quarn
465 3726 676 3805 monialium
709 3725 864 3818 civitatis
888 3730 924 3810 a
944 3730 1090 3808 diocesis
1113 3731 1242 3807 Colon
1267 3739 1365 3831 prols

336 3846 474 3922 dolor
464 3849 709 3925 invenerimus
731 3866 897 3950 normam
925 3838 1113 3954 religi-onis
1139 3839 1361 3944 &honesta

268 3961 379 4038 tis
395 3961 595 4041 monastice
602 3965 699 4061 qnefi
714 3968 857 4062 penitus
879 3965 950 4046 elle
970 3909 1162 4062 collapsam
1186 3960 1361 4064 &predi

332 4077 410 4154 dios
427 4101 462 4152 m
467 4079 620 4156 onachos
637 4078 672 4154 dr
697 4085 869 4162 moniales
885 4089 1012 4163 domos
1030 4084 1198 4182 proprias
1221 4105 1359 4161 ansruos

330 4181 467 4270 reditus
482 4193 556 4272 lise
572 4194 694 4325 cenius
711 4199 745 4276 dr
760 4201 831 4307 alia
842 4204 1013 4280 nonnulla
1027 4199 1181 4302 propria
1197 4200 1243 4274 de
1251 4198 1358 4385 I{adio

1199 4328 1250 4411 po
1280 4332 1292 4386 s
