2984 5100
358 466 949 577 asam

310 669 460 776 gacibus
476 689 518 745 ac
534 668 634 745 cultu
655 658 780 735 diuino
796 657 952 759 indignis
967 659 1094 736 naeniis
1114 709 1126 753 ‚
1165 658 1234 757 qui
1253 654 1354 733 libris

310 786 383 865 illis
402 797 610 878 temporum
628 776 720 851 vitio
740 770 942 869 limpsana,
968 775 1099 878 quibus
1115 773 1304 851 absolutis
1324 771 1355 846 sic
1384 776 1385 827 l

311 887 683 991 comprovincialibus
708 882 893 981 Episcopis
908 887 1189 963 communicatis
1215 882 1355 981 pollent

310 1013 377 1113 ipss
395 1013 420 1090 fi
438 1012 627 1089 videretur
646 1006 682 1079 iz
699 1001 822 1080 caeteri
839 1020 960 1075 omnes
980 1000 1121 1075 collatis
1131 998 1353 1089 confiliisad
1384 998 1385 1067 J

310 1111 384 1211 boc
398 1128 607 1225 exemplum
637 1120 717 1199 suos
743 1142 887 1217 quoque
913 1119 1055 1195 codices
1082 1120 1353 1219 repurgare&
1384 1178 1385 1215 p

311 1248 497 1351 supen‘lua
518 1260 710 1344 amputare
730 1257 794 1320 aut
820 1239 928 1315 ctiam
949 1235 1019 1313 sua
1038 1236 1254 1325 celsitudini
1281 1260 1355 1314 me·
1384 1324 1385 1331 Ν

169 1454 178 1467 ,
310 1368 406 1445 liora
426 1361 452 1439 fi
476 1360 658 1451 habeant,
700 1358 861 1435 indicare
883 1378 926 1431 ac
941 1351 1139 1455 suggessere
1164 1378 1246 1452 quo
1274 1355 1351 1431 uni-

312 1496 367 1557 tas
383 1477 417 1552 oz
432 1474 649 1569 concordia,
674 1495 744 1570 qua
760 1468 850 1565 nibil
868 1447 1058 1550 amabilius
1078 1470 1140 1553 ast,
1170 1486 1353 1567 quantum

308 1578 427 1692 posset
445 1592 691 1686 prolocutum
709 1584 852 1693 ratione
872 1580 1028 1679 fietiper
1045 1583 1349 1679 provinciamto·

313 1729 390 1789 tam
409 1708 615 1785 instituatur
630 1728 673 1781 ac
702 1700 882 1781 scrvet'ul.

407 1954 503 2049 Hinc
519 1949 635 2031 leis
652 1935 755 2026 Dnol
780 1946 827 2021 ad
845 1944 987 2022 libellos
1008 1946 1239 2049 Legatorum
1260 1949 1346 2027 Rmi

313 2068 481 2167 Episcopi
501 2062 846 2145 &radminillratorls
866 2061 1187 2155 monasteriensis,
1230 2068 1348 2146 Osna-

310 2188 499 2288 burgenus
515 2187 552 2261 o
573 2179 797 2275 blindans,
822 2181 954 2277 quibus
978 2198 1110 2283 rogant
1124 2206 1146 2258 a
1162 2184 1346 2265 RmoAr·

311 2302 371 2380 elsi
392 2296 570 2396 Episcopo
595 2297 629 2371 siz
651 2294 788 2396 synodo
814 2294 1000 2372 confilium
1026 2293 1136 2391 super
1165 2302 1343 2395 petitione

311 2417 489 2497 ruralium
514 2414 697 2509 pastorum
714 2434 785 2510 pro
809 2412 1063 2488 communione
1087 2413 1245 2512 duplicis
1265 2416 1341 2519 spe-

235 2520 243 2535 ’
311 2531 380 2610 ciei
401 2526 680 2606 &sacerdotum
705 2526 875 2630 conjugio
903 2529 1093 2607 tolerando
1115 2534 1340 2636 conversus,

308 2642 406 2748 jullit
420 2683 423 2690 ·
437 2639 700 2722 Provincialem
733 2645 853 2730 dicere
884 2640 1083 2723 caesaream
1111 2645 1339 2747 Maiestatem

233 2809 242 2838 ι
309 2757 436 2840 Datim
453 2763 615 2840 nostrum
634 2759 964 2850 clementiffimum‚
992 2783 1063 2836 non
1082 2763 1180 2858 quod
1196 2765 1266 2864 ipfi
1284 2771 1338 2846 vi.

315 2878 490 2957 cierentur
507 2879 671 2975 opinari,
713 2873 918 2952 libertatem
941 2877 1030 2951 duos
1055 2877 1135 2954 illos
1164 2879 1340 2968 articulos

253 3009 257 3014 ’
309 2991 461 3093 impune
474 2995 655 3091 retinendi
676 2982 898 3090 quibuslibet
914 2989 1136 3090 pernobile,
1160 2991 1225 3074 sed
1243 3023 1266 3076 a
1286 3003 1337 3079 di·
1383 3091 1384 3098 Ν

307 3110 424 3192 versa
443 3103 556 3211 pilus
576 3110 722 3186 statibus
744 3107 902 3211 benigne
921 3133 964 3186 ac
988 3113 1186 3190 clementer
1208 3135 1336 3218 recep·
1383 3113 1384 3198 l

306 3225 407 3318 tuse,
434 3228 675 3324 quodcunque
691 3225 745 3300 illi
762 3225 1113 3338 proredintegranda
1128 3227 1167 3305 in
1186 3233 1337 3338 religio·
1383 3209 1384 3252 ¹

305 3360 352 3417 na
368 3342 585 3433 concordia,
620 3363 728 3440 quam
753 3337 827 3438 ipse
857 3343 972 3418 modis
995 3341 1162 3422 omnibus
1188 3365 1337 3445 expete·

235 3467 257 3546 '7
306 3453 392 3548 bat,
419 3450 647 3549 obtabilem,
673 3475 745 3530 non
766 3468 963 3552 propterea
977 3451 1165 3550 probasse,
1185 3456 1227 3532 id
1238 3463 1334 3558 quod
1383 3479 1384 3530 l

303 3567 446 3649 illinon
470 3566 676 3647 obtulissent
693 3569 782 3644 duos
805 3568 884 3644 illos
900 3569 1097 3667 articulos,
1125 3571 1333 3675 quippequi

303 3683 484 3790 mtegmm
498 3682 620 3779 potius
641 3683 886 3770 concordiam·
901 3680 1100 3783 maluisset,
1124 3701 1236 3785 atque
1250 3688 1332 3770 hinc

302 3801 394 3878 adeo
421 3801 647 3908 Maiestatem
673 3797 747 3897 ejus
777 3801 812 3877 in
845 3801 1086 3879 declaratione
1113 3803 1330 3905 Augustenss

300 3907 467 3992 inv-italic
483 3914 593 3990 ilams
608 3917 689 3989 illos
709 3911 741 3986 tia
762 3935 873 3988 umun
892 3917 1090 4012 quemlibet
1103 3913 1328 3997 subditomn

166 4131 171 4140 ἱ
298 4030 448 4110 illorum
469 4035 516 4108 ad
531 4031 738 4112 consensum
756 4034 1006 4134 catholicum,
1043 4053 1081 4114 at
1094 4061 1167 4114 non
1181 4038 1326 4118 statibus

228 4155 233 4160 ’
298 4150 494 4232 Cobiolicis
515 4167 580 4230 aut
601 4151 751 4236 subditis
773 4175 900 4236 eorum
918 4153 1122 4237 libertatem
1143 4153 1326 4254 lecille,ut

471 4281 508 4296 ‘'
1151 4292 1273 4352 acon·
