2984 5100
496 434 767 520 ΜΨ
823 518 829 525 ,
1022 479 1090 553 ¹29
1202 516 1245 541 ‚.

134 639 230 729 curtis
246 636 309 717 seu
334 639 461 720 donus
478 646 746 725 claustinsisuut
760 642 831 721 iiiia
855 664 1132 746 qiiecunqueres

132 762 172 831 od
183 758 318 835 si'rniitni
334 754 396 833 seu
411 780 481 855 pro
496 778 593 837 certo
608 762 777 857 pensione
786 778 964 858 perpetuo
973 764 1033 840 seu
1042 785 1133 843 tem·

133 875 292 969 poialiter
308 870 445 951 suerint
463 879 687 955 concedenda
708 878 743 951 sii
768 881 848 987 ipse.
864 880 1051 953 canonicus
1078 899 1131 958 ta·

132 992 192 1066 lein
212 988 452 1067 obedientiam
481 1012 620 1071 curtem
638 994 697 1069 seu
721 996 871 1069 doniuni
895 990 954 1067 v‘ei
971 1016 1047 1071 reni
1066 999 1133 1073 dii-

134 1107 215 1181 iieiit
227 1104 273 1183 sic
297 1108 317 1181 ὲ
331 1110 432 1185 nobis
448 1111 688 1207 recipiendum
704 1106 881 1207 pensonis
890 1112 936 1182 de
951 1097 1022 1204 quo
1040 1115 1133 1192 inter
1151 1183 1155 1193 .

134 1238 187 1295 nos
210 1214 244 1291 ἃ
265 1218 381 1315 ipsuin
396 1221 608 1296 convenerit
625 1218 742 1302 solvet
760 1216 988 1291 medietatem
1007 1219 1131 1297 bidelis
1153 1282 1156 1291 .

134 1329 156 1405 si
169 1332 321 1409 consistet
342 1335 378 1409 in
394 1336 514 1412 tritico
529 1334 667 1436 siligIne
693 1334 883 1409 ueluvena
902 1348 967 1406 aut
979 1338 1132 1427 pecunia

137 1466 305 1525 nunieioto
329 1450 423 1527 infin
445 1450 572 1528 festum
595 1450 688 1525 beuti
711 1444 865 1523 Martini
885 1446 1068 1543 liieniolis,
1103 1451 1131 1529 si

137 1582 209 1637 iero
224 1562 259 1638 in
285 1564 373 1649 vino
394 1556 554 1639 confistnt
579 1564 616 1641 in
635 1560 723 1639 festo
744 1560 840 1655 beati
860 1562 1021 1656 Audite,
1045 1565 1131 1657 reli·

136 1698 226 1771 quani
241 1696 331 1754 vero
348 1678 575 1754 medietatem
590 1676 663 1753 sive
678 1674 721 1751 sit
739 1674 776 1749 iii
789 1673 908 1750 nitico
916 1673 1053 1772 siligine
1066 1680 1128 1753 vel

137 1816 232 1872 averio
255 1796 408 1893 pecunia
424 1798 581 1873 velvino
600 1811 684 1873 ente
699 1793 825 1871 festum
840 1793 1040 1889 Epiphanio
1054 1796 1130 1870 Do-

137 1908 208 1985 nini
222 1934 311 1989 enno
335 1913 502 2010 quolibet
523 1908 594 1989 sine
622 1911 856 1989 diminutione
878 1909 997 2006 aliqua
1026 1913 1129 1996 nobis
1242 1980 1252 1988 .

137 2018 316 2122 persolvet,
341 2022 487 2121 quodsi
510 2048 581 2100 non
598 2022 726 2101 fecerit
743 2023 781 2097 oz
805 2024 842 2099 in
858 2019 1035 2097 solutione
1049 2027 1129 2123 talis
1175 2040 1180 2045 ’

139 2140 288 2236 pensionis
310 2145 349 2219 in
367 2158 471 2240 perte
487 2142 546 2219 vei
563 2142 600 2217 iis
631 2158 708 2217 toto
727 2139 912 2239 negligens
931 2136 1071 2234 suerit,
1102 2142 1130 2219 si

141 2254 283 2332 videficet
302 2256 341 2332 in
357 2253 523 2351 peiifione
541 2278 613 2353 que
632 2255 702 2330 etit
715 2253 753 2329 in
772 2251 893 2327 tritico
916 2246 1054 2349 siligine
1068 2247 1131 2325 vel

142 2390 235 2447 eveno
252 2369 310 2450 seu
328 2371 482 2473 pecunie
494 2373 726 2451 medietatem
739 2370 777 2445 iii
794 2366 883 2445 festo
896 2363 1007 2442 sontii
1024 2364 1129 2440 Mar·

138 2484 256 2564 iioiuut
268 2514 337 2588 que
354 2486 506 2566 consistit
521 2490 558 2566 in
580 2491 665 2568 vino
682 2486 821 2572 insesso
845 2483 880 2562 S.
902 2484 1129 2578 Audreepre·

140 2600 223 2678 ocus
238 2607 395 2684 totaliter
414 2625 487 2680 non
508 2603 660 2702 solverit
677 2628 721 2681 eii
745 2621 832 2682 tunc
845 2599 917 2678 sine
931 2600 1129 2678 monitione
1259 2632 1271 2665 i

140 2733 190 2790 iut
215 2722 439 2818 requisitione
459 2722 610 2821 alicujus
629 2739 694 2814 aut
715 2719 789 2798 sine
816 2721 937 2816 aliquo
957 2713 1130 2794 sententia

140 2841 303 2934 capitulari
329 2843 392 2922 seu
407 2845 651 2944 cujuscunque
674 2846 800 2946 judicis
816 2845 876 2919 vei
895 2840 1049 2918 hominis
1064 2844 1130 2908 out

142 2951 371 3036 delibemtione
401 2961 636 3058 exspeeiondn
662 2985 704 3040 eo
735 2960 811 3054 inso
833 2979 968 3036 omnes,
985 2946 1126 3025 siticius

142 3067 296 3160 prebende
309 3076 371 3152 sue
386 3103 468 3158 cuin
490 3082 719 3178 quottidiunis
738 3079 807 3157 suis
820 3065 1127 3154 distributionibus

143 3185 243 3278 grossis
260 3189 370 3272 solunt
399 3200 629 3297 quottidionis
649 3192 956 3278 distributionibus
971 3183 1033 3300 qui
1040 3183 1129 3275 cho⁴

144 3309 176 3368 ro
197 3302 265 3376 deii
284 3308 549 3394 consueverunt
577 3315 733 3412 exceptis
762 3323 909 3392 current
931 3304 967 3380 iii
996 3316 1129 3395 penam
1172 3366 1174 3369 .
1205 3373 1208 3377 ,

144 3407 428 3513 vobis<suecedent
446 3451 632 3526 quousque
653 3431 688 3508 in
702 3429 773 3511 linc
784 3423 951 3522 pensione
967 3409 1128 3488 totaliter
1146 3493 1151 3504 .

140 3519 231 3606 suerit
244 3532 485 3638 satisfactum,
516 3546 552 3622 in
572 3569 643 3643 quo
657 3543 879 3624 contumacia
899 3557 970 3612 non
991 3520 1129 3624 persol-

143 3646 229 3720 Vffssdi
247 3649 477 3752 incrustent
499 3665 545 3738 ud
562 3663 715 3742 inensem
740 3660 818 3759 posi
844 3644 1032 3734 erastinum
1050 3636 1128 3712 son·
1236 3713 1243 3728 x
1334 3689 1339 3703 ,

143 3747 330 3884 utuinisi
348 3773 515 3852 videlicet
535 3775 597 3874 illc
618 3775 717 3874 cujus
740 3767 860 3872 pensio
889 3764 925 3839 in
948 3747 1128 3886 tritico-fi·

143 3866 352 3970 ¹¹851¹eivenn
366 3889 425 3969 seu
452 3877 636 3988 pecuniei
667 3891 726 3966 ille
748 3907 838 3965 veto
863 3873 1012 3994 enimin
1038 3885 1126 3940 Vffl⁰
1155 3963 1160 3969 ,

143 3998 194 4072 pei
208 3987 239 4065 se
254 3995 419 4082 soluenda
436 4003 547 4106 fuerit
569 4003 647 4102 post
665 4002 856 4082 crastinum
872 3989 967 4072 beuti
992 3980 1127 4061 Anam

143 4104 268 4188 indicii
286 4141 329 4194 eii
346 4137 431 4201 tunc
448 4116 618 4212 siiniliten
632 4137 674 4194 eo
693 4111 768 4214 ipso
789 4109 861 4203 susc
875 4097 1047 4186 sententia
1069 4111 1128 4169 ca·
1197 4194 1202 4213 ι

184 4213 573 4322 Toum.
677 4227 699 4309 1
928 4210 1080 4324 pitoiori
