2984 5100
1364 240 1373 411 l

306 424 448 531 ‘ao
702 430 970 497 m

327 630 451 723 unm,
484 625 557 703 hoc
576 626 636 729 cll,
657 624 758 703 viros
788 646 859 721 pro
892 644 1046 701 numero
1070 620 1345 725 Episcopatuum

293 832 299 841 ,
329 749 509 848 quinque,
544 746 642 843 quod
664 743 691 819 sr
715 764 831 843 grave
855 742 905 819 eis
933 742 1120 849 videretur
1152 746 1347 837 (nimirum
1375 767 1376 819 l

328 878 482 959 propter
496 851 828 945 monasteriensem,
863 855 926 952 qui
946 871 1020 933 tres
1043 857 1190 935 tenebat
1212 859 1347 955 Episco·
1376 941 1377 951 Ν

329 989 459 1067 patus,
496 972 624 1045 darent
642 962 768 1049 saltem
794 980 867 1041 tres
890 982 954 1040 aut
977 983 1155 1073 quatuor,
1191 972 1260 1067 qui
1278 996 1349 1049 cun
1376 966 1377 973 ‘

332 1081 481 1161 deleilis
500 1078 599 1157 asua
619 1075 758 1181 gratia,
782 1077 928 1177 negotia
945 1076 1138 1177 causasque
1153 1082 1378 1179 proposrtas
1377 1138 1378 1177 ,

328 1202 468 1299 absque
480 1196 635 1277 nrouadc
654 1191 829 1290 temporis
852 1195 1023 1271 dilatione
1046 1200 1300 1281 examinarent
1323 1206 1351 1281 dc

329 1316 599 1413 expenderent,
623 1303 867 1384 consultarent
892 1328 935 1383 ac
958 1309 1001 1383 de
1024 1311 1194 1387 remediis
1221 1289 1379 1417 cogita

266 1465 271 1477 ·
330 1440 433 1516 rent,
469 1420 699 1519 consultaque
727 1414 790 1494 sua
821 1419 868 1494 ad
900 1418 1053 1497 Concilii
1082 1420 1266 1519 judicium
1302 1450 1352 1507 re·
1379 1465 1380 1529 l

329 1536 480 1617 ferrent.

426 1739 556 1842 Legati
578 1736 703 1815 habita
726 1736 984 1815 deliberatione
1005 1734 1293 1838 responderunt,
1325 1746 1382 1857 st

329 1852 508 1932 habere'
497 1878 533 1929 m
554 1851 753 1946 mandatis,
787 1866 829 1925 ut
853 1850 1071 1945 traderent,
1109 1813 1382 1940 deliberarent

332 1969 642 2046 &concluderent
662 1965 924 2060 communiter,
951 1982 1125 2068 peterent
1146 1970 1291 2055 idciaco
1313 1980 1354 2055 ad
1382 1989 1383 2043 l

330 2082 606 2161 consultationes
640 2080 818 2178 quaslibet
850 2080 989 2158 admitti
1020 2081 1254 2183 conjunilos²
1294 2116 1384 2187 nec,

331 2192 492 2290 separari
506 2194 660 2269 alterum
675 2191 723 2265 ab
746 2191 884 2289 altero,
910 2194 1009 2290 quod
1025 2216 1133 2275 nemo
1150 2198 1291 2301 absque
1304 2205 1354 2283 sn.

321 2306 395 2385 'ciis
409 2306 624 2385 concludere
640 2306 832 2403 quicquam
849 2305 967 2403 possm

427 2499 639 2582 Mirabatur
661 2488 776 2580 Rmris
791 2501 895 2580 Dneis
916 2503 1036 2582 Archi
1052 2506 1251 2611 Episcopus
1270 2544 1353 2603 non.
1385 2513 1386 2596 l

331 2615 446 2714 nibil,
471 2615 681 2710 eos'isthuc,
704 2619 804 2728 quod
829 2639 952 2694 rerum
974 2618 1227 2706 uastationem
1249 2654 1353 2733 expe.

224 2754 227 2758 ·
335 2735 415 2810 dire
447 2753 491 2810 ac
520 2744 741 2831 promovere
770 2734 977 2831 videretur,
1026 2737 1262 2846 detreuare,
1301 2753 1356 2832 sed

331 2855 475 2951 quando
492 2855 541 2930 eis
561 2856 612 2931 ita
626 2853 743 2932 visum
765 2869 864 2950 erat,
901 2877 924 2931 a
946 2859 1275 2944 communicatione
1293 2873 1354 2950 ab·

241 3073 244 3080 ¹
323 2971 460 3051 ‘stinere
481 2973 709 3051 collfiliol'tlm
723 2975 952 3072 priuatorum
969 2972 1003 3047 dr
1019 2976 1158 3070 praevia
1172 2980 1353 3074 discpilin-

328 3110 514 3169 ueterum
534 3107 624 3182 opus
641 3083 745 3176 ell'et,
772 3085 843 3178 ait,
876 3081 911 3159 se
934 3083 1127 3164 necessitati
1151 3110 1225 3168 non
1252 3097 1355 3174 defu.

329 3225 485 3295 turum,
506 3203 657 3300 proinde
685 3203 797 3278 vellet
819 3202 856 3277 in
881 3200 1067 3277 confilium
1088 3199 1153 3276 fibi
1175 3208 1355 3290 adhibere

222 3393 225 3398 .
276 3350 282 3365 ·
330 3319 510 3418 deletios,
534 3320 688 3419 quorum
705 3342 819 3418 opera
834 3319 1074 3395 utihadlenus
1096 3319 1357 3426 consuevisset,

328 3439 364 3544 ὅς
387 3461 445 3514 res
461 3461 529 3536 per
555 3460 615 3515 eos
642 3433 811 3536 expensas
837 3435 990 3514 Concilii
1017 3438 1173 3534 judicio,
1209 3439 1359 3526 sellione

330 3565 515 3666 prorirna·
530 3581 758 3660 proponere3
790 3557 987 3656 Reliquum
1012 3561 1185 3658 temporis
1213 3563 1359 3666 impen-

330 3681 383 3756 dit
396 3674 580 3755 andiendis
595 3670 867 3779 gravaminibus
884 3686 1099 3749 caeterorum
1113 3669 1356 3771 synodalium.

1233 3813 1258 3852 Ο

423 3877 588 3958 Abbatcs
605 3877 667 3972 qni
685 3872 859 3972 proprios·
879 3855 1025 3968 habcnt,
1039 3841 1266 3976 visitatores,
1293 3901 1357 3979 pe·

337 3993 462 4072 tebant
475 3991 677 4092 Episcopali
694 3989 896 4070 visitatione
910 4013 983 4068 non
997 3991 1159 4095 gravari.

1186 4207 1308 4286 Pasto-
