2984 5100
1821 525 1830 547 a
2017 486 2156 559 40¹
2281 498 2288 503 ”
2404 514 2437 531 ”“
2463 512 2478 533 ’

215 666 322 723 ne
343 640 519 743 eius
555 641 922 731 ordinaria
959 659 1335 743 exemptos
1362 698 1393 742 ,
1448 670 1582 724 nec
1613 644 1825 726 facile
1868 652 2263 754 assumptu·
2314 631 2318 638 ’

220 780 355 835 ros
391 767 576 835 onus
617 758 948 861 legendi,
994 757 1124 835 nifi
1153 760 1623 858 requirantur
1663 761 1876 840 etiam
1917 788 1963 842 a
2011 770 2262 853 Provi..

213 874 509 955 foribus
550 875 1055 956 Univerfitatis
1080 934 1106 971 ‚
1158 882 1353 978 quod
1389 905 1479 959 ne
1516 882 2020 979 praeteriretur
2038 937 2066 981 ,
2130 888 2265 969 fibi
2302 868 2326 897 ''

213 989 470 1066 videri
517 991 889 1069 decretum
937 991 1120 1067 illud
1161 1008 1457 1091 nuperae
1496 989 1803 1072 senionis
1875 1002 2266 1080 extenden..

217 1105 404 1181 dum
433 1105 651 1182 etiam
699 1106 795 1181 ad
844 1103 1259 1204 provisores
1303 1128 1348 1182 a
1383 1106 1707 1183 Concilio
1739 1111 2205 1208 requirendos
2234 1163 2264 1211 2
2319 1143 2322 1146 ·

210 1235 305 1296 ut
330 1220 625 1320 muneri
667 1217 793 1297 suo
843 1219 1321 1315 satisfaciant,
1372 1221 1913 1321 Canonieosque
1943 1227 2106 1305 illos
2143 1251 2262 1307 re·

215 1333 522 1432 quirant
550 1332 757 1431 juxta
805 1335 1073 1413 decreti
1118 1334 1538 1430 formulam,
1586 1337 1783 1471 quod
1802 1338 2074 1420 ibidem
2088 1342 2262 1421 Pro-

216 1447 556 1527 vincialis
590 1450 927 1527 recitavit
954 1449 1029 1527 ἀ
1074 1450 1175 1527 est
1212 1450 1517 1527 decretis
1558 1423 1805 1547 primi
1819 1455 2067 1554 medii,
2095 1479 2263 1539 cum
2398 1475 2402 1479 ’

211 1565 620 1668 probatum
643 1590 693 1648 a
724 1569 1050 1649 Concilio
1093 1564 1375 1667 fuisset,
1420 1565 1790 1653 insertum

420 1826 1032 1939 Addideruntque
1077 1831 1337 1934 Legati
1391 1826 1887 1929 TrajetSlenies
1901 1884 1930 1924 ,
2004 1831 2265 1911 instan-

219 1948 407 2024 dum
449 1947 645 2044 apud
680 1946 1037 2031 summurn
1075 1946 1489 2026 Pontificem
1530 1961 1614 2023 ut
1656 1946 1875 2024 faciat
1905 1947 2094 2023 Rmo
2131 1971 2267 2046 po·

216 2064 554 2141 testatem
618 2059 1120 2159 provisoribus
1172 2056 1706 2164 negligentibus
1769 2075 1897 2137 aut
1937 2064 2264 2138 collatio·

215 2175 331 2253 nis
378 2169 541 2270 jure
572 2172 1038 2249 abutentibus
1060 2222 1087 2266 ‚
1137 2193 1282 2247 non
1313 2171 1530 2246 modo
1571 2168 1989 2267 requirendi
2033 2170 2270 2247 Cano·
2335 2175 2340 2184 ’

218 2292 431 2371 nicos
460 2290 624 2368 illos
641 2344 665 2383 ,
717 2294 981 2367 verum'
1031 2289 1245 2367 etiam
1268 2285 1709 2386 privandi&
1739 2286 1897 2363 aliis
1931 2287 2268 2365 benefici·-

220 2431 357 2487 um
418 2401 836 2483 conferendi
856 2453 884 2508 ,
944 2400 1075 2479 nifi
1112 2416 1462 2501 pareant,
1522 2400 1948 2499 munerique
1993 2397 2118 2477 suo
2160 2397 2270 2479 sa-

217 2522 636 2619 tisfaciant,
704 2520 1166 2620 quantumvis
1214 2520 1403 2612 enim
1437 2518 1574 2599 lint
1632 2519 1985 2616 exempti,
2049 2532 2178 2596 aut
2224 2541 2274 2598 a

217 2635 730 2738 provisoribus
774 2657 920 2712 non
955 2635 1485 2734 requirantur
1553 2629 1609 2708 fi
1640 2651 1785 2707 non
1826 2629 2130 2707 fecerint
2182 2652 2271 2708 ea

220 2757 317 2833 ad
346 2775 512 2851 quae
539 2764 922 2844 tenentur,
1011 2751 1264 2846 utique
1306 2743 1599 2846 aiebant
1654 2761 1906 2821 curam
1935 2740 2214 2818 aliter
2190 2765 2292 2819 m*

219 2869 371 2946 hoc
398 2861 565 2943 casu
594 2860 1029 2964 providendi
1056 2862 1150 2938 ad
1181 2852 1690 2935 executores&
1721 2849 2076 2938 summum
2089 2853 2274 2932 Pon·

220 2987 500 3067 tificem
515 2980 815 3060 devolvi
832 3031 857 3078 ,
906 3000 1067 3077 quae
1093 2974 1441 3057 sententia
1471 2972 1747 3074 placuit
1787 2969 2118 3052 omnibus
2151 2993 2274 3052 or-

222 3105 402 3183 dine
442 3094 905 3199 interrogatis
925 3092 997 3168 61
1027 3091 1083 3170 fi
1104 3090 1550 3191 requisitioni
1575 3085 1826 3190 synodi
1845 3082 1916 3162 se
1957 3107 2102 3163 non
2119 3086 2274 3162 vel·
2309 3079 2327 3161 Ῐ

217 3221 385 3298 lent
418 3213 966 3294 accommodare
987 3259 1014 3305 .,
1059 3207 1543 3308 pervicaciam
1579 3206 1683 3296 ad⁴
1701 3202 2059 3284 summum
2087 3199 2240 3278 Pon

224 3338 504 3418 tificem
529 3331 1026 3449 deferendam.

2040 3492 2053 3540 l

425 3592 647 3696 Quod
698 3588 795 3666 ad
850 3585 1241 3665 canonicos
1291 3582 1546 3684 gratiae
1607 3575 1932 3658 secundae
1976 3581 2279 3678 attinet,

228 3716 340 3795 ait
376 3709 651 3792 Rmflm
692 3702 938 3807 Duum
969 3706 1274 3780 statuere
1305 3701 1496 3776 velle
1523 3755 1549 3792 ,
1620 3697 1994 3795 postquam
2051 3695 2305 3777 fuerit·

226 3824 491 3904 factus
516 3817 826 3897 certior·
842 3813 934 3892 ab
970 3834 1223 3891 eorum
1258 3804 1654 3906 responso,
1697 3806 2149 3904 recipiantve
2177 3825 2273 3877 au

233 3927 650 4016 detreaent
678 3922 1210 4013 Commiss'arios
1239 3913 1634 4084 synodales.
1733 3934 1736 3939 ·

344 4217 526 4344 an.
582 4217 722 4305 112
1396 4206 1457 4286 C
1484 4228 1527 4283 c
2062 4196 2189 4281 Ad
