2984 5100
510 503 860 586 ms
1050 499 1366 608 3¹71*

135 700 261 802 medio
278 721 362 779 cnm
379 699 519 778 decanis
534 698 717 778 ruralibus
733 697 770 774 dc
781 686 983 796 pastoribus
992 706 1168 804 Urbanis,
1228 754 1232 762 «

107 814 242 894 -Rriro
267 812 351 888 Diio
387 814 507 889 Archi
543 811 720 910 Episcopo
761 810 979 918 suggerente
1015 818 1164 923 surgens
1215 883 1224 912 t

129 930 254 1006 Rdus.
271 927 374 1003 Dnus
410 923 622 1026 Cyrenensis
652 949 698 1002 ex
720 927 845 1024 ipsius.
867 929 1013 1019 nomine
1043 934 1166 1014 Patres

106 1119 108 1124 .
132 1069 263 1124 omnes
285 1043 500 1122 contestatus
525 1046 595 1139 est,
619 1047 755 1122 nemini
775 1050 971 1125 allaturum
993 1048 1163 1154 praejudi-

130 1153 319 1242 cium'aut
338 1151 698 1240 eristimationissuae
721 1165 1031 1265 imminutionem
1056 1170 1083 1245 fi
1105 1168 1165 1246 eui

128 1274 234 1350 forte
250 1291 321 1349 non
349 1275 574 1373 contingeret
588 1271 625 1347 in
644 1272 801 1353 consetur
826 1297 895 1370 pro
911 1277 1084 1376 dignitate
1101 1277 1164 1354 sua

127 1390 256 1480 locus,
283 1411 346 1466 eos
357 1407 447 1464 vero
463 1387 593 1485 quibus
609 1387 678 1464 hoe
694 1389 767 1484 jam
788 1388 985 1467 obvenisset
995 1449 1007 1487 ‚
1034 1397 1162 1471 eodem

127 1511 281 1585 nomine
306 1509 462 1609 rogabat
484 1521 526 1582 ut
554 1508 673 1583 locum
699 1507 910 1587 inferiorem
931 1535 1004 1588 non
1028 1537 1161 1614 grava-
1220 1493 1224 1505 ’

126 1635 264 1698 rentur
279 1617 376 1694 serre
397 1641 465 1712 pro
490 1616 622 1694 Christi
644 1616 764 1717 gloria
780 1621 1029 1715 aequanimiter
1045 1623 1080 1696 dc
1099 1646 1162 1699 co·

127 1739 254 1840 gitare
270 1761 342 1822 non
359 1736 426 1814 esse
444 1737 503 1814 hie
519 1737 555 1812 in
570 1732 668 1812 saem
680 1735 843 1812 Concilio
855 1738 977 1816 deloei
994 1744 1161 1836 praeemi·

127 1855 256 1932 nentia
276 1839 509 1947 certandum
537 1851 731 1948 sedpotius
753 1853 986 1931 annitendum
1011 1856 1159 1952 majori-

127 1971 202 2045 bus
234 1983 275 2042 ut
301 1969 458 2042 minores
482 1964 548 2042 fibi
576 1962 780 2038 anteferant
810 1968 976 2061 exemplo
1005 1966 1157 2057 Christi,

130 2085 198 2185 qui
215 2081 321 2158 etiam
337 2079 528 2158 Pharisaeos
548 2079 685 2175 primos
703 2079 888 2156 accubitus
909 2081 1080 2160 inmensa
1097 2107 1159 2158 ex-

127 2211 296 2297 petentes
318 2195 553 2294 reprehendit
568 2193 774 2270 ambitionis
802 2193 837 2269 d'r
865 2193 1054 2292 discipulos
1075 2195 1157 2274 suos

128 2337 218 2391 eum
240 2334 308 2409 pro
335 2313 493 2407 primatu
521 2310 815 2400 contenderent?
832 2310 955 2386 docuit
971 2309 1063 2387 solos
1089 2315 1158 2390 hu-

129 2435 260 2523 miles,
289 2426 402 2528 quise
421 2427 617 2522 postremos
641 2425 841 2518 ducerent,
867 2417 936 2503 esse
962 2448 1049 2523 vere
1080 2452 1158 2506 ma·

132 2578 227 2657 gnos
245 2547 505 2650 &praelatione
526 2547 665 2651 dignos.

229 2782 410 2865 Omnibus
433 2776 562 2853 dehine
593 2776 629 2849 in
649 2766 788 2847 alentio
802 2761 1064 2849 considentibus
1086 2770 1157 2872 jus-
1226 2782 1262 2841 't

132 2902 177 2979 srt
196 2892 312 2977 Rtniis
329 2888 431 2967 Dfius
455 2884 573 2961 Archi
593 2878 787 2977 Episcopus
821 2876 968 2953 recitari
996 2883 1155 2959 cathalo-

133 3018 462 3126 gnm‘yoeatorum
482 3006 528 3079 ad
551 2998 724 3101 synodum
748 2998 781 3072 dr
802 3011 843 3071 ut
863 2995 976 3071 lesbus
1004 3002 1156 3100 quisque

130 3133 368 3233 responderet
393 3126 428 3201 se
444 3118 581 3216 adesse,
606 3118 748 3193 nemine
763 3137 852 3191 vero
869 3116 915 3190 ad
929 3118 1083 3193 nominis
1098 3114 1168 3195 re?

132 3243 345 3347 petitionem
368 3233 605 3333 respondente
622 3234 647 3309 sr
667 3257 783 3331 neque
797 3233 907 3337 legati
925 3232 1157 3314 adeslentant
1177 3313 1182 3321 ,

133 3368 198 3466 qui
219 3358 388 3440 absentiae
409 3353 679 3457 causastdignas
715 3369 936 3449 exponerent
968 3371 1009 3441 ut
1029 3355 1154 3435 absens

132 3496 344 3571 notaretur,
369 3472 502 3571 judicio
524 3470 649 3568 synodi
673 3469 957 3565 sitbmittendus,
979 3476 1158 3567 ⁴quamvis
1202 3507 1205 3516 ¹

131 3598 354 3686 Pontifiealia
376 3595 538 3690 quadam
565 3592 814 3671 recitationem
835 3593 1020 3667 nominum
1053 3595 1155 3669 dille·
1195 3609 1199 3618 “

130 3733 216 3800 rant
228 3713 396 3789 adfinem
417 3705 588 3796 Concilii,
615 3705 808 3813 videbatur
823 3719 940 3778 tamen
966 3708 1155 3783 Revereri*

135 3835 274 3913 dillrmo
291 3827 374 3905 ono
399 3822 598 3901 Concilium
615 3804 706 3897 isl'ud
720 3821 767 3895 ab
786 3820 856 3893 hoc
865 3820 1017 3915 exordio
1035 3822 1155 3918 auspi,-

134 3952 289 4031 eandum
312 3962 353 4021 ut
368 3940 504 4037 nequis
525 3956 660 4013 temere
685 3927 938 4013 admitteretur
958 3934 996 4011 in
1018 3935 1154 4013 conses-
1242 3960 1247 3972 ⁸

130 4065 211 4141 sum
227 4061 261 4136 dc
278 4056 528 4161 uastationem
553 4071 684 4125 rerum·
706 4044 956 4143 synodalium,
988 4049 1153 4127 daretur-

134 4206 207 4284 que
225 4176 426 4259 absentium
445 4168 589 4273 Legatis
618 4166 755 4258 occasio
771 4153 1048 4273 comorilstonens
1063 4166 1156 4267 dz‘ea
1195 4256 1200 4266 ‚

989 4369 995 4379 ⁵
1024 4298 1104 4377 qua
