2984 5100
349 513 422 585 404
677 480 1011 551 m.

301 685 375 763 rios
391 698 438 756 an
456 700 551 773 non,
587 674 727 759 Verum
755 678 804 755 D.
821 676 989 757 Decanus
1011 680 1048 755 S.
1068 678 1213 771 Georgii
1239 692 1353 754 eom*

303 830 506 895 memorata
532 813 728 890 vacationis
755 808 858 888 eausa
876 810 1060 911 respondit
1081 813 1119 888 in
1136 812 1242 888 hanc
1268 810 1351 886 sen-

303 932 479 1040 tentiam,
503 944 640 1041 recepti
663 940 967 1041 innotescerem,
994 946 1054 1043 qni
1071 945 1350 1047 privilegium,

303 1104 378 1183 quo
402 1077 458 1153 uti
476 1061 614 1166 vellet,'
633 1073 795 1171 alleget,
838 1070 970 1147 debere
989 1070 1061 1147 hoc
1078 1068 1201 1169 ipsum
1231 1072 1350 1167 prius

303 1218 343 1297 in
356 1212 475 1291 sonna
487 1205 693 1283 anthentica
722 1208 955 1303 producere,
986 1208 1057 1284 hoc
1073 1223 1251 1304 peterent
1272 1210 1347 1283 Ca-

267 1415 273 1427 .
305 1347 425 1430 nonici
443 1342 479 1417 dr
496 1350 639 1436 ternpus
657 1362 801 1437 quoque
824 1340 1043 1419 deliberandi
1070 1370 1154 1420 cum
1178 1347 1353 1443 Capitu-

305 1477 350 1553 lis
371 1488 527 1571 quorum
546 1488 618 1543 non
638 1468 756 1575 nimos
779 1490 887 1565 qoam
908 1465 971 1545 sua
995 1470 1213 1565 interesset,
1252 1473 1347 1569 qui·

304 1602 373 1679 bus
394 1621 417 1674 a
439 1592 536 1670 dioto
552 1591 736 1695 digressis,
761 1591 938 1673 consenuit
953 1598 1066 1673 Rnn'rs
1081 1598 1205 1675 Patres
1223 1598 1262 1673 dr
1274 1601 1347 1673 ad·

304 1735 455 1837 surgens
482 1726 716 1805 Reverendus
741 1724 845 1803 Drios
871 1728 1080 1833 Cyrenensis
1096 1732 1174 1825 ait,
1209 1732 1348 1807 Deca-

306 1890 397 1949 num
420 1860 679 1959 &Capitulum
709 1858 1034 1956 Metropolitanum
1057 1862 1190 1938 auditis
1212 1865 1348 1941 Cano·

307 2000 397 2081 nicis
421 1998 547 2101 gratiae
561 1967 721 2069 sec'undae
735 1993 937 2071 convenisse
954 1997 990 2073 in
1007 2020 1082 2075 eam
1104 1996 1347 2093 sententiam,

310 2138 462 2237 nequid
483 2138 739 2213 decerneretur
760 2154 833 2210 non
856 2132 1016 2211 exhibita
1035 2136 1138 2235 prius
1160 2136 1347 2242 originali

307 2264 423 2351 Bulla.

404 2623 620 2712 Leodienset
646 2617 687 2705 'dr
715 2621 990 2730 repetentes,
1028 2657 1116 2732 quos
1145 2633 1344 2735 synodales

310 2791 435 2848 omnes
457 2763 600 2864 sequuti
613 2761 715 2858 sunt,
735 2765 873 2858 dixere,
901 2763 1098 2843 sarronioos
1114 2770 1194 2844 illos
1207 2793 1343 2846 arcer·

309 2905 395 2984 fitos
410 2921 452 2980 ut
467 2900 739 3000 responderent,
763 2901 1048 2980 consentirentve
1063 2907 1102 2981 in
1120 2901 1340 2986 Commissa·

309 3033 405 3123 rios,
429 3053 475 3108 an
493 3027 596 3107 secus
614 3030 795 3123 facerent,
833 3031 968 3108 adhoc
990 3035 1147 3112 nondum
1179 3037 1339 3138 respon-

312 3159 422 3262 odie,
447 3165 682 3262 requirendos
705 3166 853 3260 iterum,
876 3184 918 3243 ut
936 3185 1060 3265 aperte
1078 3168 1337 3274 respondeant,

309 3299 346 3375 dr
369 3301 394 3374 st
413 3299 556 3396 quidem
578 3299 698 3376 dicant
711 3297 747 3375 se
763 3299 951 3398 recipere,
976 3317 1099 3399 petant
1113 3327 1235 3382 coram
1265 3311 1338 3407 eis,

311 3436 411 3532 quod
433 3448 561 3528 petunt
586 3435 708 3525 modo,
737 3421 859 3510 necin
878 3435 982 3530 loco,
1006 3457 1072 3512 nee
1090 3438 1127 3513 in
1149 3455 1336 3536 tempore,

308 3565 363 3645 fin
378 3583 519 3656 autent,
542 3568 671 3645 darent
686 3564 829 3644 cansam
848 3566 1128 3660 rationabilem,
1167 3571 1338 3670 alioquin

309 3729 391 3786 rent
421 3705 651 3786 deserendam
670 3708 717 3779 ad
742 3671 922 3782 sodimon
938 3703 1193 3788 Pontificem&
1213 3735 1335 3791 reone·

311 3846 410 3928 dium
436 3829 679 3942 qoaerenddn.
771 3911 773 3917 Α

364 4138 376 4158 C

373 4175 380 4204 ι
684 4190 694 4232 Ἰ

756 4279 760 4290 ⁴
832 4277 842 4294 4

1376 243 1390 530 i
