2984 5100
309 871 378 950 pus
394 845 517 926 verbis
539 847 656 949 magis
671 845 848 942 differtis,
873 850 973 947 quod
988 847 1202 950 quaerebat,
1230 873 1347 949 expo

208 974 216 1058 ζ
311 991 422 1064 nere,
446 983 575 1064 nempe
589 961 625 1043 se
646 965 808 1047 nondum
824 967 975 1069 exigere
997 966 1177 1046 vitiorum
1203 967 1349 1043 denun-

310 1085 527 1178 tiationem,
553 1079 616 1161 sed
642 1080 716 1163 hoc
730 1081 867 1182 prius,
896 1105 984 1164 num
1004 1080 1188 1160 videatur
1201 1081 1349 1156 denun-

311 1203 488 1286 claudiae
510 1202 700 1282 revelandi
714 1199 912 1286 neceffitns
915 1194 1156 1309 synodalibus
1170 1199 1346 1280 omnibus

278 1345 285 1374 ι
310 1318 562 1420 imponendo,
596 1321 634 1398 id
646 1323 753 1422 quod
775 1319 936 1399 forrnula
955 1321 1021 1398 illa
1042 1319 1254 1400 &concilii
1273 1319 1348 1397 Ba·

309 1430 463 1514 sneenfis
486 1433 690 1586 constituio
711 1432 901 1542 exigerent
910 1455 986 1596 per
1005 1432 1276 1538 iuramentum

405 1669 500 1756 Cum
517 1669 640 1771 paucIs
662 1667 794 1772 Legati
816 1668 873 1750 illi
896 1691 1022 1750 omnes
1041 1669 1141 1746 inter
1160 1666 1201 1746 se
1221 1672 1349 1750 collo-

308 1785 414 1888 quuti
430 1785 640 1888 petiverunt
662 1785 916 1868 deliberationi
936 1781 1009 1868 suae
1032 1784 1113 1866 dari
1124 1799 1273 1884 tempus
1291 1791 1344 1866 ad

276 1907 514 2006 proximam
538 1877 952 2004 usqueseilionem,'1n
975 1925 1047 2002 qut
1067 1901 1178 1985 client
1204 1902 1395 2009 judici

306 2040 371 2101 uro
389 2018 493 2101 suum
510 2018 669 2116 diduri²
694 2019 824 2204 quibus
838 2017 957 2102 Renes
970 2016 1102 2118 l’raeses
1124 2018 1273 2103 annuit

197 2327 217 2361 ·.
400 2230 715 2332 Αιιιιιιιιιιειιιιιι
734 2269 829 2328 veru
852 2248 969 2334 Penus
997 2245 1109 2328 Duru
1134 2252 1341 2356 plurimun

306 2363 422 2452 adesse
448 2359 595 2448 Parrum
600 2365 846 2472 synodalium
881 2365 1021 2449 drteces
1009 2391 1042 2450 ι
1066 2364 1140 2450 suae
1152 2371 1341 2492 turoam,

257 2497 276 2583 ᾗ
304 2487 513 2585 multosque
532 2465 692 2587 ejusdem
713 2488 843 2591 gravis
869 2485 1087 2569 conditionis
1107 2485 1172 2571 seu
1191 2481 1338 2587 statu,

302 2604 455 2705 longum
472 2618 596 2685 autern
617 2602 716 2693 fore
709 2626 759 2685 ac
783 2603 950 2696 difficile,
984 2626 1071 2683 curn
1098 2621 1177 2689 tota
1204 2609 1338 2688 multi

301 2718 429 2799 tudine
443 2740 574 2818 capere
591 2718 737 2829 consilia
751 2718 787 2799 a
799 2719 1026 2823 singulorum
1039 2716 1243 2823 suffiagie
1230 2748 1271 2801 ιιι
1289 2747 1335 2806 re

302 2832 466 2931 qualibet
485 2856 619 2938 rogare
637 2851 749 2933 atque
763 2836 890 2916 audire
908 2830 1035 2937 synodi
1048 2834 1204 2915 arbitrio
1218 2851 1333 2939 atquc

300 2948 447 3031 consilio
468 2949 632 3052 permisit
654 2951 1014 3091 dispiciendas&
1028 2975 1102 3031 non
1120 2954 1243 3055 potius
1264 2979 1347 3037 ex·-

300 3072 461 3175 pedierit
477 3096 496 3152 c
513 3069 663 3175 iugulis
687 3072 934 3155 contuberniis
950 3070 1013 3151 seu
1034 3073 1226 3156 ordinibus
1243 3078 1329 3157 Ab·

300 3186 427 3263 batum
443 3186 679 3283 Praelatorutu
695 3184 932 3267 Decanorum
944 3188 984 3263 d
998 3186 1145 3267 Parrum
1163 3192 1330 3296 deligere

216 3286 225 3310 ⁸
296 3298 400 3375 uiros
419 3298 558 3395 aliquot
583 3318 716 3399 graves
754 3300 1047 3435 dodlosdrpios,
1076 3322 1167 3401 quos
1188 3306 1329 3385 tracea-

296 3408 389 3487 tioni
403 3400 494 3495 huic
510 3415 659 3494 idoneos
683 3431 921 3515 reputarent,
945 3442 1009 3518 qur
997 3418 1250 3523 collegarum
1261 3422 1329 3506 seu

298 3524 434 3603 ordinis
454 3549 496 3606 ac
516 3527 625 3618 status
640 3526 693 3611 sui
716 3531 864 3631 nornine
884 3530 1191 3631 propositionibus
1209 3535 1327 3615 const-

294 3647 351 3727 liis
370 3646 407 3725 dc
427 3612 652 3729 trebiatibus
665 3623 959 3746 adhiberentur
989 3650 1112 3750 eisque
1135 3651 1327 3735 incumbe-

293 3777 385 3859 ret,
417 3762 539 3843 caeteri
557 3787 649 3845 vero
666 3766 843 3868 negotia,
874 3761 996 3844 causas
1027 3764 1063 3850 dc
1089 3756 1236 3845 confilia
1256 3768 1324 3852 sua

291 3871 365 3967 istis
389 3872 660 3953 committerent
678 3877 793 3954 donec
813 3870 1091 3969 nodationibus
1116 3873 1252 3953 habitis
1285 3879 1395 3961 ti

184 4093 186 4099 X
290 3986 433 4089 judiciis
466 3988 647 4093 conceptis
676 4011 749 4069 uon
783 3986 905 4067 tamen
933 3986 1015 4073 latis
1053 4007 1322 4072 revocarentur

291 4120 415 4185 omines
443 4085 639 4179 adferenda
668 4100 816 4194 libera,
852 4096 1067 4197 pruisquam
1101 4121 1256 4179 canones
1282 4099 1321 4183 dc

289 4214 435 4288 decreta
457 4208 608 4287 Concilii
628 4212 927 4317 publicarentur,
957 4208 1158 4315 ibffragia,
1190 4214 1243 4291 ita
1261 4230 1319 4294 ιι

1175 4350 1262 4422 rnen

295 771 297 780 =
308 727 452 834 gotium
469 735 770 819 anteverterent,
808 723 908 828 justit
923 725 1038 806 Rnnis
1058 723 1181 802 Archi
1194 722 1349 833 Epiibos
