<?xml version="1.0" encoding="UTF-8"?>
<!DOCTYPE html PUBLIC "-//W3C//DTD XHTML 1.0 Transitional//EN"
    "http://www.w3.org/TR/xhtml1/DTD/xhtml1-transitional.dtd">
<html xmlns="http://www.w3.org/1999/xhtml" xml:lang="en" lang="en">
 <head>
  <title>
</title>
<meta http-equiv="Content-Type" content="text/html;charset=utf-8" />
  <meta name='ocr-system' content='tesseract 3.04.00' />
  <meta name='ocr-capabilities' content='ocr_page ocr_carea ocr_par ocr_line ocrx_word'/>
</head>
<body>
  <div class='ocr_page' id='page_1' title='image "./subsidiadiploma01wrgoog_0372.png"; bbox 0 0 2984 5100; ppageno 0'>
   <div class='ocr_carea' id='block_1_1' title="bbox 354 458 1385 599">
    <p class='ocr_par' dir='ltr' id='par_1_1' title="bbox 354 458 1385 599">
     <span class='ocr_line' id='line_1_1' title="bbox 354 458 1385 599; baseline 0.009 -82"><span class='ocrx_word' id='word_1_1' title='bbox 354 473 421 571; x_wconf 55' lang='lat'>333</span> <span class='ocrx_word' id='word_1_2' title='bbox 677 458 944 523; x_wconf 58' lang='lat' dir='ltr'>mmm</span> <span class='ocrx_word' id='word_1_3' title='bbox 1382 466 1385 599; x_wconf 48' lang='lat' dir='ltr'>p</span> 
     </span>
    </p>
   </div>
   <div class='ocr_carea' id='block_1_2' title="bbox 277 600 1385 861">
    <p class='ocr_par' dir='ltr' id='par_1_2' title="bbox 277 600 1385 861">
     <span class='ocr_line' id='line_1_2' title="bbox 277 600 1385 753; baseline -0.003 -24"><span class='ocrx_word' id='word_1_4' title='bbox 277 650 687 752; x_wconf 77' lang='lat' dir='ltr'>,conversationemque</span> <span class='ocrx_word' id='word_1_5' title='bbox 710 650 808 731; x_wconf 88' lang='lat' dir='ltr'>suam</span> <span class='ocrx_word' id='word_1_6' title='bbox 824 656 926 753; x_wconf 79' lang='lat' dir='ltr'>juxta</span> <span class='ocrx_word' id='word_1_7' title='bbox 950 648 1234 730; x_wconf 80' lang='lat' dir='ltr'>reformationis</span> <span class='ocrx_word' id='word_1_8' title='bbox 1270 642 1348 727; x_wconf 85' lang='lat' dir='ltr'>for·</span> <span class='ocrx_word' id='word_1_9' title='bbox 1384 600 1385 691; x_wconf 37' lang='grc' dir='ltr'><strong>ἶ</strong></span> 
     </span>
     <span class='ocr_line' id='line_1_3' title="bbox 301 761 1347 861; baseline -0.002 -23"><span class='ocrx_word' id='word_1_10' title='bbox 301 765 438 838; x_wconf 83' lang='lat' dir='ltr'>mulam</span> <span class='ocrx_word' id='word_1_11' title='bbox 460 763 707 861; x_wconf 75' lang='lat' dir='ltr'>instituerent,</span> <span class='ocrx_word' id='word_1_12' title='bbox 739 788 807 840; x_wconf 91' lang='lat' dir='ltr'>nec</span> <span class='ocrx_word' id='word_1_13' title='bbox 828 786 940 840; x_wconf 80' lang='lat' dir='ltr'>uanos</span> <span class='ocrx_word' id='word_1_14' title='bbox 956 761 1061 841; x_wconf 81' lang='lat' dir='ltr'>fuilse</span> <span class='ocrx_word' id='word_1_15' title='bbox 1085 765 1166 860; x_wconf 84' lang='lat' dir='ltr'>ejus</span> <span class='ocrx_word' id='word_1_16' title='bbox 1188 780 1347 837; x_wconf 87' lang='lat' dir='ltr'>conatus</span> 
     </span>
    </p>
   </div>
   <div class='ocr_carea' id='block_1_3' title="bbox 187 870 1385 3062">
    <p class='ocr_par' dir='ltr' id='par_1_3' title="bbox 187 870 1385 3062">
     <span class='ocr_line' id='line_1_4' title="bbox 301 870 1346 975; baseline 0.001 -25"><span class='ocrx_word' id='word_1_17' title='bbox 301 878 435 975; x_wconf 87' lang='lat' dir='ltr'>quibus</span> <span class='ocrx_word' id='word_1_18' title='bbox 451 879 652 974; x_wconf 83' lang='lat' dir='ltr'>plurimum</span> <span class='ocrx_word' id='word_1_19' title='bbox 677 876 906 975; x_wconf 80' lang='lat' dir='ltr'>profecerit,</span> <span class='ocrx_word' id='word_1_20' title='bbox 925 870 1089 955; x_wconf 78' lang='lat' dir='ltr'>¹maxime</span> <span class='ocrx_word' id='word_1_21' title='bbox 1114 879 1154 953; x_wconf 90' lang='lat' dir='ltr'>in</span> <span class='ocrx_word' id='word_1_22' title='bbox 1175 878 1225 953; x_wconf 89' lang='lat' dir='ltr'>iis</span> <span class='ocrx_word' id='word_1_23' title='bbox 1243 872 1346 963; x_wconf 84' lang='lat' dir='ltr'>locis,</span> 
     </span>
     <span class='ocr_line' id='line_1_5' title="bbox 304 990 1347 1091; baseline 0.008 -28"><span class='ocrx_word' id='word_1_24' title='bbox 304 990 369 1065; x_wconf 89' lang='lat' dir='ltr'>ubi</span> <span class='ocrx_word' id='word_1_25' title='bbox 389 990 480 1067; x_wconf 82' lang='lat' dir='ltr'>uitia</span> <span class='ocrx_word' id='word_1_26' title='bbox 500 1009 669 1089; x_wconf 82' lang='lat' dir='ltr'>poterant</span> <span class='ocrx_word' id='word_1_27' title='bbox 690 992 828 1091; x_wconf 83' lang='lat' dir='ltr'>absque</span> <span class='ocrx_word' id='word_1_28' title='bbox 850 994 1015 1091; x_wconf 84' lang='lat' dir='ltr'>periculo</span> <span class='ocrx_word' id='word_1_29' title='bbox 1041 990 1166 1069; x_wconf 89' lang='lat' dir='ltr'>subito</span> <span class='ocrx_word' id='word_1_30' title='bbox 1196 994 1347 1084; x_wconf 82' lang='lat' dir='ltr'>curari,</span> 
     </span>
     <span class='ocr_line' id='line_1_6' title="bbox 302 1104 1348 1205; baseline -0.002 -22"><span class='ocrx_word' id='word_1_31' title='bbox 302 1110 402 1204; x_wconf 89' lang='lat' dir='ltr'>quod</span> <span class='ocrx_word' id='word_1_32' title='bbox 424 1125 621 1205; x_wconf 77' lang='lat' dir='ltr'>appareret</span> <span class='ocrx_word' id='word_1_33' title='bbox 634 1108 671 1181; x_wconf 90' lang='lat' dir='ltr'>in</span> <span class='ocrx_word' id='word_1_34' title='bbox 702 1106 907 1187; x_wconf 75' lang='lat' dir='ltr'>obedientia</span> <span class='ocrx_word' id='word_1_35' title='bbox 927 1104 1213 1183; x_wconf 80' lang='lat' dir='ltr'>Cathedraliurn</span> <span class='ocrx_word' id='word_1_36' title='bbox 1232 1109 1348 1185; x_wconf 75' lang='lat' dir='ltr'>eccle</span> 
     </span>
     <span class='ocr_line' id='line_1_7' title="bbox 303 1224 1348 1331; baseline -0.001 -23"><span class='ocrx_word' id='word_1_37' title='bbox 303 1232 437 1308; x_wconf 77' lang='lat' dir='ltr'>fiotum</span> <span class='ocrx_word' id='word_1_38' title='bbox 454 1226 739 1329; x_wconf 78' lang='lat' dir='ltr'>Ostraburgenfis</span> <span class='ocrx_word' id='word_1_39' title='bbox 757 1224 1003 1307; x_wconf 72' lang='lat' dir='ltr'>antodenus</span> <span class='ocrx_word' id='word_1_40' title='bbox 1013 1252 1226 1331; x_wconf 85' lang='lat' dir='ltr'>earumque</span> <span class='ocrx_word' id='word_1_41' title='bbox 1245 1256 1348 1309; x_wconf 86' lang='lat' dir='ltr'>man·</span> 
     </span>
     <span class='ocr_line' id='line_1_8' title="bbox 306 1345 1349 1450; baseline 0.001 -27"><span class='ocrx_word' id='word_1_42' title='bbox 306 1348 397 1425; x_wconf 90' lang='lat' dir='ltr'>datis</span> <span class='ocrx_word' id='word_1_43' title='bbox 412 1345 476 1421; x_wconf 86' lang='lat' dir='ltr'>sub</span> <span class='ocrx_word' id='word_1_44' title='bbox 493 1346 614 1448; x_wconf 79' lang='lat' dir='ltr'>figillis</span> <span class='ocrx_word' id='word_1_45' title='bbox 631 1345 829 1440; x_wconf 85' lang='lat' dir='ltr'>majoribus</span> <span class='ocrx_word' id='word_1_46' title='bbox 857 1345 1073 1440; x_wconf 75' lang='lat' dir='ltr'>publicatis,</span> <span class='ocrx_word' id='word_1_47' title='bbox 1099 1372 1188 1447; x_wconf 85' lang='lat' dir='ltr'>quae</span> <span class='ocrx_word' id='word_1_48' title='bbox 1210 1350 1296 1450; x_wconf 82' lang='lat' dir='ltr'>legi</span> <span class='ocrx_word' id='word_1_49' title='bbox 1314 1351 1349 1425; x_wconf 90' lang='lat' dir='ltr'>in</span> 
     </span>
     <span class='ocr_line' id='line_1_9' title="bbox 303 1462 1350 1566; baseline 0.009 -27"><span class='ocrx_word' id='word_1_50' title='bbox 303 1462 466 1540; x_wconf 83' lang='lat' dir='ltr'>Concilio</span> <span class='ocrx_word' id='word_1_51' title='bbox 487 1477 650 1559; x_wconf 69' lang='lat' dir='ltr'>peteret,</span> <span class='ocrx_word' id='word_1_52' title='bbox 675 1484 748 1561; x_wconf 91' lang='lat' dir='ltr'>quo</span> <span class='ocrx_word' id='word_1_53' title='bbox 772 1464 816 1539; x_wconf 90' lang='lat' dir='ltr'>de</span> <span class='ocrx_word' id='word_1_54' title='bbox 842 1464 1029 1563; x_wconf 83' lang='lat' dir='ltr'>diligentia</span> <span class='ocrx_word' id='word_1_55' title='bbox 1049 1462 1126 1561; x_wconf 86' lang='lat' dir='ltr'>ejus</span> <span class='ocrx_word' id='word_1_56' title='bbox 1143 1467 1185 1542; x_wconf 76' lang='lat' dir='ltr'>da</span> <span class='ocrx_word' id='word_1_57' title='bbox 1207 1492 1350 1566; x_wconf 84' lang='lat' dir='ltr'>paren-</span> 
     </span>
     <span class='ocr_line' id='line_1_10' title="bbox 187 1576 1346 1675; baseline 0.014 -23"><span class='ocrx_word' id='word_1_58' title='bbox 187 1611 194 1621; x_wconf 66' lang='lat'>=</span> <span class='ocrx_word' id='word_1_59' title='bbox 303 1580 340 1655; x_wconf 89' lang='lat' dir='ltr'>di</span> <span class='ocrx_word' id='word_1_60' title='bbox 357 1579 471 1655; x_wconf 85' lang='lat' dir='ltr'>studio</span> <span class='ocrx_word' id='word_1_61' title='bbox 495 1580 589 1654; x_wconf 81' lang='lat' dir='ltr'>and</span> <span class='ocrx_word' id='word_1_62' title='bbox 615 1578 662 1656; x_wconf 92' lang='lat' dir='ltr'>D.</span> <span class='ocrx_word' id='word_1_63' title='bbox 685 1580 977 1675; x_wconf 84' lang='lat' dir='ltr'>Metropolitano</span> <span class='ocrx_word' id='word_1_64' title='bbox 1013 1576 1167 1659; x_wconf 75' lang='lat' dir='ltr'>luove}</span> <span class='ocrx_word' id='word_1_65' title='bbox 1203 1588 1346 1667; x_wconf 81' lang='lat' dir='ltr'>talibus</span> 
     </span>
     <span class='ocr_line' id='line_1_11' title="bbox 303 1696 1347 1803; baseline 0.011 -29"><span class='ocrx_word' id='word_1_66' title='bbox 303 1700 529 1803; x_wconf 78' lang='lat' dir='ltr'>argumentis</span> <span class='ocrx_word' id='word_1_67' title='bbox 548 1715 646 1775; x_wconf 86' lang='lat' dir='ltr'>certa</span> <span class='ocrx_word' id='word_1_68' title='bbox 665 1698 754 1776; x_wconf 82' lang='lat' dir='ltr'>fides</span> <span class='ocrx_word' id='word_1_69' title='bbox 773 1698 898 1792; x_wconf 73' lang='lat' dir='ltr'>lieret,</span> <span class='ocrx_word' id='word_1_70' title='bbox 922 1696 1173 1796; x_wconf 84' lang='lat' dir='ltr'>sedquoniam</span> <span class='ocrx_word' id='word_1_71' title='bbox 1198 1712 1347 1786; x_wconf 79' lang='lat' dir='ltr'>nraltuu</span> 
     </span>
     <span class='ocr_line' id='line_1_12' title="bbox 305 1814 1346 1924; baseline 0.006 -26"><span class='ocrx_word' id='word_1_72' title='bbox 305 1822 550 1898; x_wconf 86' lang='lat' dir='ltr'>inveteratum</span> <span class='ocrx_word' id='word_1_73' title='bbox 570 1818 717 1913; x_wconf 86' lang='lat' dir='ltr'>(quales</span> <span class='ocrx_word' id='word_1_74' title='bbox 734 1815 816 1895; x_wconf 87' lang='lat' dir='ltr'>sunt</span> <span class='ocrx_word' id='word_1_75' title='bbox 829 1814 982 1897; x_wconf 77' lang='lat' dir='ltr'>hareses</span> <span class='ocrx_word' id='word_1_76' title='bbox 1000 1818 1198 1900; x_wconf 71' lang='lat' dir='ltr'>&amp;errores</span> <span class='ocrx_word' id='word_1_77' title='bbox 1215 1832 1346 1924; x_wconf 82' lang='lat' dir='ltr'>pravi,</span> 
     </span>
     <span class='ocr_line' id='line_1_13' title="bbox 282 1929 1347 2041; baseline 0.008 -30"><span class='ocrx_word' id='word_1_78' title='bbox 282 1977 286 1981; x_wconf 84' lang='grc'><strong>-</strong></span> <span class='ocrx_word' id='word_1_79' title='bbox 303 1935 419 2033; x_wconf 88' lang='lat' dir='ltr'>quiin</span> <span class='ocrx_word' id='word_1_80' title='bbox 447 1931 654 2009; x_wconf 81' lang='lat' dir='ltr'>dioeceflbus</span> <span class='ocrx_word' id='word_1_81' title='bbox 669 1932 739 2008; x_wconf 91' lang='lat' dir='ltr'>illis</span> <span class='ocrx_word' id='word_1_82' title='bbox 756 1929 828 2029; x_wconf 81' lang='lat' dir='ltr'>jam</span> <span class='ocrx_word' id='word_1_83' title='bbox 847 1932 970 2007; x_wconf 83' lang='lat' dir='ltr'>maltis</span> <span class='ocrx_word' id='word_1_84' title='bbox 986 1934 1088 2011; x_wconf 87' lang='lat' dir='ltr'>aunis</span> <span class='ocrx_word' id='word_1_85' title='bbox 1105 1940 1347 2041; x_wconf 78' lang='lat' dir='ltr'>collegissent</span> 
     </span>
     <span class='ocr_line' id='line_1_14' title="bbox 302 2048 1342 2156; baseline 0.009 -34"><span class='ocrx_word' id='word_1_86' title='bbox 302 2050 430 2139; x_wconf 83' lang='lat' dir='ltr'>vires)</span> <span class='ocrx_word' id='word_1_87' title='bbox 452 2048 629 2127; x_wconf 84' lang='lat' dir='ltr'>difficilius</span> <span class='ocrx_word' id='word_1_88' title='bbox 646 2064 810 2141; x_wconf 77' lang='lat' dir='ltr'>curatur,</span> <span class='ocrx_word' id='word_1_89' title='bbox 835 2072 970 2149; x_wconf 87' lang='lat' dir='ltr'>urgere</span> <span class='ocrx_word' id='word_1_90' title='bbox 987 2050 1137 2147; x_wconf 88' lang='lat' dir='ltr'>quidem</span> <span class='ocrx_word' id='word_1_91' title='bbox 1153 2054 1270 2131; x_wconf 88' lang='lat' dir='ltr'>illum</span> <span class='ocrx_word' id='word_1_92' title='bbox 1286 2055 1342 2156; x_wconf 80' lang='lat' dir='ltr'>sy-</span> 
     </span>
     <span class='ocr_line' id='line_1_15' title="bbox 301 2156 1345 2264; baseline 0.009 -25"><span class='ocrx_word' id='word_1_93' title='bbox 301 2164 446 2239; x_wconf 88' lang='lat' dir='ltr'>nodalia</span> <span class='ocrx_word' id='word_1_94' title='bbox 469 2176 650 2258; x_wconf 77' lang='lat' dir='ltr'>praecepta</span> <span class='ocrx_word' id='word_1_95' title='bbox 673 2156 734 2237; x_wconf 84' lang='lat' dir='ltr'>sed</span> <span class='ocrx_word' id='word_1_96' title='bbox 749 2162 900 2237; x_wconf 74' lang='lat' dir='ltr'>caute&amp;</span> <span class='ocrx_word' id='word_1_97' title='bbox 918 2166 1143 2259; x_wconf 85' lang='lat' dir='ltr'>prudenter,</span> <span class='ocrx_word' id='word_1_98' title='bbox 1178 2171 1345 2264; x_wconf 84' lang='lat' dir='ltr'>proinde</span> 
     </span>
     <span class='ocr_line' id='line_1_16' title="bbox 301 2273 1344 2378; baseline 0.013 -33"><span class='ocrx_word' id='word_1_99' title='bbox 301 2274 473 2349; x_wconf 84' lang='lat' dir='ltr'>daturum</span> <span class='ocrx_word' id='word_1_100' title='bbox 489 2273 611 2350; x_wconf 86' lang='lat' dir='ltr'>sedulo</span> <span class='ocrx_word' id='word_1_101' title='bbox 622 2295 771 2369; x_wconf 79' lang='lat' dir='ltr'>operam</span> <span class='ocrx_word' id='word_1_102' title='bbox 782 2273 844 2351; x_wconf 91' lang='lat' dir='ltr'>ubi</span> <span class='ocrx_word' id='word_1_103' title='bbox 860 2274 1066 2370; x_wconf 87' lang='lat' dir='ltr'>plusculum</span> <span class='ocrx_word' id='word_1_104' title='bbox 1083 2282 1344 2378; x_wconf 76' lang='lat' dir='ltr'>convaluerit,</span> 
     </span>
     <span class='ocr_line' id='line_1_17' title="bbox 298 2386 1385 2498; baseline 0.006 -33"><span class='ocrx_word' id='word_1_105' title='bbox 298 2412 367 2467; x_wconf 88' lang='lat' dir='ltr'>nec</span> <span class='ocrx_word' id='word_1_106' title='bbox 382 2390 616 2478; x_wconf 75' lang='lat' dir='ltr'>cessaturum,</span> <span class='ocrx_word' id='word_1_107' title='bbox 642 2390 790 2467; x_wconf 86' lang='lat' dir='ltr'>doneee</span> <span class='ocrx_word' id='word_1_108' title='bbox 805 2386 971 2465; x_wconf 85' lang='lat' dir='ltr'>saucibus</span> <span class='ocrx_word' id='word_1_109' title='bbox 998 2390 1270 2495; x_wconf 73' lang='lat' dir='ltr'>haereticorum</span> <span class='ocrx_word' id='word_1_110' title='bbox 1287 2396 1339 2472; x_wconf 88' lang='lat' dir='ltr'>se·</span> <span class='ocrx_word' id='word_1_111' title='bbox 1384 2446 1385 2498; x_wconf 47' lang='lat' dir='ltr'>p</span> 
     </span>
     <span class='ocr_line' id='line_1_18' title="bbox 300 2500 1341 2602; baseline 0.012 -21"><span class='ocrx_word' id='word_1_112' title='bbox 300 2506 429 2582; x_wconf 73' lang='lat' dir='ltr'>dudlos</span> <span class='ocrx_word' id='word_1_113' title='bbox 453 2505 583 2602; x_wconf 89' lang='lat' dir='ltr'>eripiat</span> <span class='ocrx_word' id='word_1_114' title='bbox 607 2502 642 2580; x_wconf 78' lang='lat' dir='ltr'>da</span> <span class='ocrx_word' id='word_1_115' title='bbox 678 2502 715 2580; x_wconf 92' lang='lat' dir='ltr'>in</span> <span class='ocrx_word' id='word_1_116' title='bbox 739 2500 984 2584; x_wconf 79' lang='lat' dir='ltr'>suauillinrum</span> <span class='ocrx_word' id='word_1_117' title='bbox 1010 2510 1140 2588; x_wconf 84' lang='lat' dir='ltr'>matris</span> <span class='ocrx_word' id='word_1_118' title='bbox 1176 2514 1341 2593; x_wconf 82' lang='lat' dir='ltr'>ecelessa</span> 
     </span>
     <span class='ocr_line' id='line_1_19' title="bbox 303 2615 1343 2723; baseline 0.009 -30"><span class='ocrx_word' id='word_1_119' title='bbox 303 2619 499 2696; x_wconf 78' lang='lat' dir='ltr'>Catholicae</span> <span class='ocrx_word' id='word_1_120' title='bbox 517 2615 633 2692; x_wconf 80' lang='lat' dir='ltr'>finum</span> <span class='ocrx_word' id='word_1_121' title='bbox 657 2637 738 2692; x_wconf 85' lang='lat' dir='ltr'>cum</span> <span class='ocrx_word' id='word_1_122' title='bbox 757 2619 854 2692; x_wconf 89' lang='lat' dir='ltr'>omni</span> <span class='ocrx_word' id='word_1_123' title='bbox 869 2621 1132 2715; x_wconf 82' lang='lat' dir='ltr'>tranquillitate</span> <span class='ocrx_word' id='word_1_124' title='bbox 1152 2627 1343 2723; x_wconf 71' lang='lat' dir='ltr'>restituat,</span> 
     </span>
     <span class='ocr_line' id='line_1_20' title="bbox 239 2725 1341 2820; baseline 0.005 -7"><span class='ocrx_word' id='word_1_125' title='bbox 239 2759 245 2770; x_wconf 49' lang='lat'>⁸</span> <span class='ocrx_word' id='word_1_126' title='bbox 295 2725 475 2813; x_wconf 71' lang='lat' dir='ltr'>&#39;autorum</span> <span class='ocrx_word' id='word_1_127' title='bbox 501 2755 559 2810; x_wconf 85' lang='lat' dir='ltr'>res</span> <span class='ocrx_word' id='word_1_128' title='bbox 592 2755 665 2810; x_wconf 90' lang='lat' dir='ltr'>una</span> <span class='ocrx_word' id='word_1_129' title='bbox 694 2733 864 2810; x_wconf 88' lang='lat' dir='ltr'>redderet</span> <span class='ocrx_word' id='word_1_130' title='bbox 890 2753 972 2806; x_wconf 84' lang='lat' dir='ltr'>eum</span> <span class='ocrx_word' id='word_1_131' title='bbox 994 2735 1248 2820; x_wconf 77' lang='lat' dir='ltr'>vehementer</span> <span class='ocrx_word' id='word_1_132' title='bbox 1276 2764 1341 2818; x_wconf 87' lang='lat' dir='ltr'>an-</span> 
     </span>
     <span class='ocr_line' id='line_1_21' title="bbox 299 2845 1336 2960; baseline 0.004 -32"><span class='ocrx_word' id='word_1_133' title='bbox 299 2850 402 2928; x_wconf 82' lang='lat' dir='ltr'>xium</span> <span class='ocrx_word' id='word_1_134' title='bbox 419 2847 685 2945; x_wconf 70' lang='lat' dir='ltr'>&amp;perplexum</span> <span class='ocrx_word' id='word_1_135' title='bbox 707 2899 719 2942; x_wconf 81' lang='lat'>,</span> <span class='ocrx_word' id='word_1_136' title='bbox 746 2849 843 2944; x_wconf 91' lang='lat' dir='ltr'>quod</span> <span class='ocrx_word' id='word_1_137' title='bbox 864 2845 1053 2944; x_wconf 87' lang='lat' dir='ltr'>utriusque</span> <span class='ocrx_word' id='word_1_138' title='bbox 1073 2850 1244 2930; x_wconf 83' lang='lat' dir='ltr'>dioecefis</span> <span class='ocrx_word' id='word_1_139' title='bbox 1273 2878 1336 2960; x_wconf 87' lang='lat' dir='ltr'>pa-</span> 
     </span>
     <span class='ocr_line' id='line_1_22' title="bbox 298 2963 1335 3062; baseline 0.006 -20"><span class='ocrx_word' id='word_1_140' title='bbox 298 2971 409 3047; x_wconf 84' lang='lat' dir='ltr'>stores</span> <span class='ocrx_word' id='word_1_141' title='bbox 435 2967 573 3043; x_wconf 82' lang='lat' dir='ltr'>rurales</span> <span class='ocrx_word' id='word_1_142' title='bbox 589 2967 635 3039; x_wconf 91' lang='lat' dir='ltr'>ad</span> <span class='ocrx_word' id='word_1_143' title='bbox 650 2987 763 3039; x_wconf 77' lang='lat' dir='ltr'>uonna</span> <span class='ocrx_word' id='word_1_144' title='bbox 789 2985 910 3040; x_wconf 85' lang='lat' dir='ltr'>ornnes</span> <span class='ocrx_word' id='word_1_145' title='bbox 931 2963 1209 3062; x_wconf 81' lang='lat' dir='ltr'>affi1·marent,·</span> <span class='ocrx_word' id='word_1_146' title='bbox 1238 2969 1278 3051; x_wconf 86' lang='lat' dir='ltr'>se</span> <span class='ocrx_word' id='word_1_147' title='bbox 1293 2977 1335 3051; x_wconf 94' lang='lat' dir='ltr'>li·</span> 
     </span>
    </p>
   </div>
   <div class='ocr_carea' id='block_1_4' title="bbox 249 3080 1384 4204">
    <p class='ocr_par' dir='ltr' id='par_1_4' title="bbox 278 3080 1384 3756">
     <span class='ocr_line' id='line_1_23' title="bbox 278 3080 1335 3177; baseline 0.004 -13"><span class='ocrx_word' id='word_1_148' title='bbox 278 3162 283 3170; x_wconf 70' lang='lat'><em>,</em></span> <span class='ocrx_word' id='word_1_149' title='bbox 301 3087 429 3164; x_wconf 85' lang='lat' dir='ltr'>beuter</span> <span class='ocrx_word' id='word_1_150' title='bbox 450 3084 629 3177; x_wconf 83' lang='lat' dir='ltr'>imperata</span> <span class='ocrx_word' id='word_1_151' title='bbox 648 3083 785 3174; x_wconf 83' lang='lat' dir='ltr'>quaevis</span> <span class='ocrx_word' id='word_1_152' title='bbox 802 3080 991 3176; x_wconf 59' lang='lat' dir='ltr'>amplecti,</span> <span class='ocrx_word' id='word_1_153' title='bbox 1020 3085 1135 3159; x_wconf 85' lang='lat' dir='ltr'>modo·</span> <span class='ocrx_word' id='word_1_154' title='bbox 1150 3094 1335 3168; x_wconf 80' lang='lat' dir='ltr'>conceda-</span> 
     </span>
     <span class='ocr_line' id='line_1_24' title="bbox 297 3187 1336 3292; baseline 0.008 -21"><span class='ocrx_word' id='word_1_155' title='bbox 297 3196 450 3281; x_wconf 87' lang='lat' dir='ltr'>tureis,</span> <span class='ocrx_word' id='word_1_156' title='bbox 479 3193 575 3288; x_wconf 87' lang='lat' dir='ltr'>quod</span> <span class='ocrx_word' id='word_1_157' title='bbox 598 3192 842 3280; x_wconf 74' lang='lat' dir='ltr'>contendunt,</span> <span class='ocrx_word' id='word_1_158' title='bbox 868 3187 1065 3268; x_wconf 80' lang='lat' dir='ltr'>Caesaream</span> <span class='ocrx_word' id='word_1_159' title='bbox 1091 3193 1336 3292; x_wconf 76' lang='lat' dir='ltr'>Majestateua</span> 
     </span>
     <span class='ocr_line' id='line_1_25' title="bbox 298 3283 1384 3409; baseline 0.001 -32"><span class='ocrx_word' id='word_1_160' title='bbox 298 3301 511 3377; x_wconf 76' lang='lat' dir='ltr'>turicoilibet</span> <span class='ocrx_word' id='word_1_161' title='bbox 523 3295 640 3372; x_wconf 81' lang='lat' dir='ltr'>feeiffe</span> <span class='ocrx_word' id='word_1_162' title='bbox 653 3296 809 3375; x_wconf 75' lang='lat' dir='ltr'>liberunt</span> <span class='ocrx_word' id='word_1_163' title='bbox 825 3300 961 3398; x_wconf 71' lang='lat' dir='ltr'>habere</span> <span class='ocrx_word' id='word_1_164' title='bbox 974 3324 1108 3388; x_wconf 68' lang='lat' dir='ltr'>rixores</span> <span class='ocrx_word' id='word_1_165' title='bbox 1126 3303 1163 3378; x_wconf 74' lang='lat' dir='ltr'>da</span> <span class='ocrx_word' id='word_1_166' title='bbox 1174 3291 1336 3409; x_wconf 73' lang='lat' dir='ltr'>l&#39;ubsp&#39;e.</span> <span class='ocrx_word' id='word_1_167' title='bbox 1383 3283 1384 3310; x_wconf 25' lang='grc' dir='ltr'><strong><em>Ν</em></strong></span> 
     </span>
     <span class='ocr_line' id='line_1_26' title="bbox 298 3413 1333 3516; baseline 0.011 -25"><span class='ocrx_word' id='word_1_168' title='bbox 298 3418 353 3491; x_wconf 86' lang='lat' dir='ltr'>cie</span> <span class='ocrx_word' id='word_1_169' title='bbox 370 3415 502 3508; x_wconf 84' lang='lat' dir='ltr'>duplici</span> <span class='ocrx_word' id='word_1_170' title='bbox 518 3413 694 3506; x_wconf 83' lang='lat' dir='ltr'>populun</span> <span class='ocrx_word' id='word_1_171' title='bbox 716 3417 999 3510; x_wconf 79' lang='lat' dir='ltr'>communicare,</span> <span class='ocrx_word' id='word_1_172' title='bbox 1023 3418 1165 3516; x_wconf 88' lang='lat' dir='ltr'>alioqui</span> <span class='ocrx_word' id='word_1_173' title='bbox 1185 3421 1333 3505; x_wconf 78' lang='lat' dir='ltr'>ioreeis</span> 
     </span>
     <span class='ocr_line' id='line_1_27' title="bbox 295 3527 1335 3635; baseline 0.013 -28"><span class='ocrx_word' id='word_1_174' title='bbox 295 3530 388 3617; x_wconf 88' lang='lat' dir='ltr'>alio,</span> <span class='ocrx_word' id='word_1_175' title='bbox 413 3527 507 3599; x_wconf 87' lang='lat' dir='ltr'>curis</span> <span class='ocrx_word' id='word_1_176' title='bbox 532 3527 916 3625; x_wconf 69' lang='lat' dir='ltr'>aninrarunrielidiis,</span> <span class='ocrx_word' id='word_1_177' title='bbox 957 3535 1232 3635; x_wconf 65' lang='lat' dir='ltr'>migrandum,</span> <span class='ocrx_word' id='word_1_178' title='bbox 1265 3565 1335 3620; x_wconf 83' lang='lat' dir='ltr'>nee</span> 
     </span>
     <span class='ocr_line' id='line_1_28' title="bbox 294 3638 1332 3756; baseline 0.018 -40"><span class='ocrx_word' id='word_1_179' title='bbox 294 3663 400 3722; x_wconf 79' lang='lat' dir='ltr'>nrora</span> <span class='ocrx_word' id='word_1_180' title='bbox 415 3638 572 3738; x_wconf 87' lang='lat' dir='ltr'>longiori</span> <span class='ocrx_word' id='word_1_181' title='bbox 594 3639 631 3712; x_wconf 89' lang='lat' dir='ltr'>in</span> <span class='ocrx_word' id='word_1_182' title='bbox 649 3639 860 3720; x_wconf 81' lang='lat' dir='ltr'>ditneefibus</span> <span class='ocrx_word' id='word_1_183' title='bbox 874 3647 1221 3748; x_wconf 63' lang='lat' dir='ltr'>illis·11aerendum‚</span> <span class='ocrx_word' id='word_1_184' title='bbox 1250 3661 1332 3756; x_wconf 84' lang='lat' dir='ltr'>qui-</span> 
     </span>
    </p>

    <p class='ocr_par' dir='ltr' id='par_1_5' title="bbox 268 3747 1335 3870">
     <span class='ocr_line' id='line_1_29' title="bbox 268 3747 1335 3870; baseline 0.018 -41"><span class='ocrx_word' id='word_1_185' title='bbox 268 3757 360 3830; x_wconf 89' lang='lat' dir='ltr'>&#39;bus</span> <span class='ocrx_word' id='word_1_186' title='bbox 382 3755 418 3828; x_wconf 91' lang='lat' dir='ltr'>in</span> <span class='ocrx_word' id='word_1_187' title='bbox 446 3756 553 3825; x_wconf 82' lang='lat' dir='ltr'>rebus</span> <span class='ocrx_word' id='word_1_188' title='bbox 586 3747 691 3822; x_wconf 83' lang='lat' dir='ltr'>anxie</span> <span class='ocrx_word' id='word_1_189' title='bbox 720 3749 854 3828; x_wconf 80' lang='lat' dir='ltr'>Rruiinr</span> <span class='ocrx_word' id='word_1_190' title='bbox 881 3760 985 3836; x_wconf 81' lang='lat' dir='ltr'>illurn</span> <span class='ocrx_word' id='word_1_191' title='bbox 1017 3761 1143 3837; x_wconf 76' lang='lat' dir='ltr'>Dniuu</span> <span class='ocrx_word' id='word_1_192' title='bbox 1174 3787 1335 3870; x_wconf 79' lang='lat' dir='ltr'>urgeret·</span> 
     </span>
    </p>

    <p class='ocr_par' dir='ltr' id='par_1_6' title="bbox 249 3860 1331 4204">
     <span class='ocr_line' id='line_1_30' title="bbox 249 3860 1331 3968; baseline 0.014 -25"><span class='ocrx_word' id='word_1_193' title='bbox 249 3899 254 3906; x_wconf 64' lang='grc'><strong><em>’</em></strong></span> <span class='ocrx_word' id='word_1_194' title='bbox 292 3870 378 3945; x_wconf 84' lang='lat' dir='ltr'>hine</span> <span class='ocrx_word' id='word_1_195' title='bbox 392 3865 475 3939; x_wconf 83' lang='lat' dir='ltr'>fidei</span> <span class='ocrx_word' id='word_1_196' title='bbox 492 3868 561 3936; x_wconf 83' lang='lat' dir='ltr'>luae</span> <span class='ocrx_word' id='word_1_197' title='bbox 580 3860 738 3933; x_wconf 79' lang='lat' dir='ltr'>constans</span> <span class='ocrx_word' id='word_1_198' title='bbox 761 3867 955 3963; x_wconf 65' lang='lat' dir='ltr'>proludio„</span> <span class='ocrx_word' id='word_1_199' title='bbox 986 3874 1048 3968; x_wconf 90' lang='lat' dir='ltr'>qui</span> <span class='ocrx_word' id='word_1_200' title='bbox 1068 3875 1113 3948; x_wconf 82' lang='lat' dir='ltr'>lit</span> <span class='ocrx_word' id='word_1_201' title='bbox 1137 3879 1172 3948; x_wconf 75' lang='lat' dir='ltr'>dr</span> <span class='ocrx_word' id='word_1_202' title='bbox 1196 3879 1331 3960; x_wconf 85' lang='lat' dir='ltr'>haberi</span> 
     </span>
     <span class='ocr_line' id='line_1_31' title="bbox 292 3978 1329 4090; baseline 0.02 -39"><span class='ocrx_word' id='word_1_203' title='bbox 292 3984 382 4053; x_wconf 77' lang='lat' dir='ltr'>velit</span> <span class='ocrx_word' id='word_1_204' title='bbox 399 3978 627 4060; x_wconf 76' lang='lat' dir='ltr'>Catholicus,</span> <span class='ocrx_word' id='word_1_205' title='bbox 665 3992 731 4046; x_wconf 87' lang='lat' dir='ltr'>uec</span> <span class='ocrx_word' id='word_1_206' title='bbox 758 3979 855 4050; x_wconf 86' lang='lat' dir='ltr'>alind</span> <span class='ocrx_word' id='word_1_207' title='bbox 872 3985 1065 4083; x_wconf 69' lang='lat' dir='ltr'>quicquan]</span> <span class='ocrx_word' id='word_1_208' title='bbox 1093 3999 1159 4066; x_wconf 84' lang='lat' dir='ltr'>lua</span> <span class='ocrx_word' id='word_1_209' title='bbox 1174 3991 1329 4090; x_wconf 61' lang='lat' dir='ltr'>sponte,</span> 
     </span>
     <span class='ocr_line' id='line_1_32' title="bbox 290 4088 1326 4204; baseline 0.023 -34"><span class='ocrx_word' id='word_1_210' title='bbox 290 4102 352 4170; x_wconf 81' lang='lat' dir='ltr'>uili</span> <span class='ocrx_word' id='word_1_211' title='bbox 367 4097 461 4191; x_wconf 71' lang='lat' dir='ltr'>‹ptrod</span> <span class='ocrx_word' id='word_1_212' title='bbox 474 4093 515 4162; x_wconf 82' lang='lat' dir='ltr'>lit</span> <span class='ocrx_word' id='word_1_213' title='bbox 532 4088 753 4165; x_wconf 69' lang='lat' dir='ltr'>catholicum</span> <span class='ocrx_word' id='word_1_214' title='bbox 764 4099 954 4178; x_wconf 72' lang='lat' dir='ltr'>admittere</span> <span class='ocrx_word' id='word_1_215' title='bbox 973 4109 1032 4182; x_wconf 79' lang='lat' dir='ltr'>vel</span> <span class='ocrx_word' id='word_1_216' title='bbox 1045 4107 1214 4204; x_wconf 81' lang='lat' dir='ltr'>probare</span> <span class='ocrx_word' id='word_1_217' title='bbox 1225 4118 1326 4194; x_wconf 72' lang='lat' dir='ltr'>iliius</span> 
     </span>
    </p>
   </div>
   <div class='ocr_carea' id='block_1_5' title="bbox 1200 4251 1278 4306">
    <p class='ocr_par' dir='ltr' id='par_1_7' title="bbox 1200 4251 1382 4360">
     <span class='ocr_line' id='line_1_33' title="bbox 1200 4251 1278 4306; baseline 0.049 -8"><span class='ocrx_word' id='word_1_218' title='bbox 1200 4251 1278 4306; x_wconf 77' lang='lat' dir='ltr'>tull·</span> 
     </span>
    </p>
   </div>
   <div class='ocr_carea' id='block_1_6' title="bbox 0 0 1496 5100">
    <p class='ocr_par' dir='ltr' id='par_1_8' title="bbox 0 0 1496 5100">
     <span class='ocr_line' id='line_1_34' title="bbox 0 0 1496 5100; baseline 0 3"><span class='ocrx_word' id='word_1_219' title='bbox 0 0 1496 5100; x_wconf 95' lang='lat' dir='ltr'> </span> 
     </span>
    </p>
   </div>
  </div>
 </body>
</html>
