2984 5100
707 554 712 569 Ι
965 400 977 438 ’
1046 458 1114 532 103

158 656 234 735 pne
255 630 358 733 poffit
387 642 429 714 ut
456 634 625 733 deinceps
667 556 857 713 statinssad
882 630 1165 715 deserviendum

158 748 286 826 eecleste
307 750 342 826 d
366 750 642 849 percipiendum
678 746 876 849 presentias
904 745 945 826 d*
966 752 1163 829 cotidianas

156 862 404 945 distributiones
433 864 483 942 dc·
498 880 621 945 cetera
652 868 897 945 emolumenta
927 889 974 945 ex
992 866 1163 975 ¹ecclesiis

154 976 389 1073 provenientia
417 976 552 1057 habeat
578 976 790 1057 facultatem
821 993 948 1078 preter
985 980 1164 1057 duntaxat

153 1092 286 1190 finplex
304 1095 489 1193 prebende
510 1093 575 1175 ‘seu
595 1097 759 1175 'alterius
788 1093 956 1175 beneficii
978 1117 1113 1194 corpus
1125 1092 1164 1175 *fi

153 1210 304 1312 quidpro
326 1214 499 1293 delunllo
524 1203 560 1294 ἆ
583 1213 723 1297 fabrica
746 1239 819 1317 per
837 1216 1024 1323 predillos
1046 1236 1162 1297 attunt

151 1325 328 1407 secundum
352 1330 582 1409 ecclessarum
601 1333 870 1411 ordinationem
894 1332 1075 1423 debetur,
1107 1330 1162 1407 ita

151 1446 233 1541 quod
252 1446 362 1527 nichil
381 1452 419 1527 in
439 1452 623 1549 privatam
642 1440 793 1549 capituli
806 1466 871 1527 aut
894 1450 1160 1529 canonicorum

150 1570 311 1648 redundat
323 1560 541 1668 utilitatem,
576 1570 783 1673 adjicientes
803 1572 891 1649 huie
911 1566 1159 1649 constitutioni

149 1700 183 1760 ut
202 1684 319 1767 stante
332 1691 640 1788 complementum
659 1688 842 1767 dillorum
861 1706 1042 1764 annorum
1057 1684 1158 1762 idem
1226 1671 1235 1695 ’

150 1802 372 1883 beneficium'
361 1822 495 1903 uelum
516 1828 648 1884 uacare
670 1807 858 1907 contingat
871 1802 933 1881 seu
953 1802 1062 1878 etiam
1078 1794 1160 1894 poll

148 1899 434 2017 conplementum
452 1927 537 1999 ante
551 1936 672 1998 tamen
684 1919 914 1998 reddentium
921 1912 1158 1993 &fruetuum

147 2034 397 2131 perceptionem
417 2050 536 2113 totum
557 2034 596 2111 id
610 2048 753 2131 tempus
767 2036 817 2110 ad
831 2022 1155 2111 commodumsuc·

147 2147 269 2228 cellatis
284 2152 415 2229 cedere
439 2150 814 2233 debeatutuidelicet
832 2163 995 2248 prorata
1010 2160 1153 2239 tempo·
1234 2128 1264 2225 J
1292 2190 1298 2197 ·

145 2264 185 2338 tis
200 2264 233 2341 in
246 2268 348 2344 nullo
368 2266 477 2345 etiam
491 2288 565 2365 quo
591 2268 638 2343 ad
659 2288 792 2365 corpus
813 2258 1024 2365 huiusmodi
1041 2256 1153 2333 bene·
1196 2341 1200 2349 ,

145 2373 202 2453 licii
220 2380 332 2461 didius
351 2376 527 2459 succelsor
547 2392 727 2461 teneatur.

301 2665 304 2672 .
336 2593 421 2677 'De
443 2578 639 2694 ignomin
664 2598 914 2689 condemna,
968 2683 977 2697 x

166 2755 389 2844 xxvut
424 2766 526 2844 Cum·
543 2764 752 2842 litteratum
779 2756 986 2866 ignorantia
1006 2753 1148 2834 ‘clericis

144 2885 177 2950 ut
189 2879 382 2976 plurimum
399 2879 603 2984 periculosa
622 2879 690 2960 eise
709 2877 878 2959 noscatur
896 2874 1082 2956 statuimus
1104 2873 1149 2948 ut'

143 2987 322 3070 advocem
343 2994 382 3071 dc
408 2997 654 3074 emolumenta
680 2995 830 3095 capituli
850 2994 972 3072 nullus
999 2983 1147 3068 canoni·

143 3127 250 3186 cutum
266 3111 481 3191 admittatur
507 3110 572 3190 nili
597 3109 722 3192 saltem
746 3131 909 3244 congrue
933 3109 1035 3207 loqui
1057 3102 1146 3183 sciat
1232 3155 1241 3171 ‚

143 3215 272 3299 latinum
292 3247 362 3301 nec
379 3221 645 3325 pollitadmitti
674 3225 740 3303 nist
760 3226 913 3325 proprio
936 3223 1144 3324 jumento

141 3329 228 3422 ptius
242 3338 304 3416 illo
325 3341 494 3420 Decanus
511 3339 769 3425 &scolasticus
789 3343 984 3444 diligenter
1006 3337 1144 3416 enumi

141 3461 210 3524 nato
235 3453 371 3533 dehoc
395 3455 638 3536 testinnonium
664 3456 902 3556 perhibeant,
933 3456 1143 3534 mandantes
1256 3492 1266 3518 -·

141 3553 286 3646 decanis
291 3569 326 3647 da
342 3571 518 3671 tuniculis
540 3573 801 3654 ecclestarum
790 3597 828 3648 m
849 3571 980 3668 quibus
995 3594 1042 3650 ex
1056 3591 1144 3646 eon

140 3671 305 3762 suetudine
328 3689 389 3764 vel
403 3688 533 3765 statuto
555 3713 625 3790 per
639 3705 782 3768 certum
796 3698 953 3785 tempus
979 3683 1145 3766 canonici
1253 3770 1257 3780 ,
1363 3702 1364 3709 ‘

140 3789 260 3874 studere
279 3815 460 3880 tenentur
457 3828 513 3882 ne
530 3829 613 3884 cum
626 3803 709 3904 ipss
726 3803 906 3882 canonicis
925 3799 1034 3900 super
1053 3822 1191 3936 pre·

139 3906 220 3994 delo
233 3917 397 4003 studendi
411 3936 577 4029 tempore
598 3923 809 4027 presumant
822 3921 1108 4027 dispendere.

360 4339 414 4376 ν.
473 4371 482 4392 ,
583 4245 702 4422 ‘0⁸4
1037 4299 1096 4380 De
