2984 5100
126 655 286 754 sentacio
322 648 385 732 seu
412 648 537 751 quevis
562 642 633 725 alia
664 620 848 743 disposicio
871 641 917 715 ad
946 624 1012 721 vos'
1030 672 1145 744 veum.

127 786 292 889 muniter
317 821 377 888 vei
401 807 543 887 divifim
573 766 756 904 pertinere
785 795 979 875 dinoscitur
992 798 1024 877 ·s1
1050 810 1146 903 quod

125 963 239 1026 vacat
256 950 316 1025 vel
351 945 637 1045 quamprimum
666 935 855 1015 coemerit
877 934 975 1032 quod
990 937 1063 1037 ipse
1078 966 1147 1040 per

125 1083 165 1164 se
188 1089 250 1165 vel
280 1102 557 1185 procuratorem
580 1078 683 1159 suum
713 1067 1148 1191 duxeritac'ceptandunr

126 1246 342 1349 presentem
364 1260 427 1322 aut
447 1244 518 1321 hoc
554 1239 670 1341 ipsum
693 1239 759 1324 srbi
780 1242 971 1325 conferatis
993 1262 1035 1323 ut
1062 1268 1148 1348 pre.
1225 1256 1229 1265 ·

129 1387 254 1488 fertur
274 1408 412 1507 ipsoque
433 1408 495 1483 vel
513 1401 744 1502 procuratori
765 1400 828 1479 suo
854 1402 928 1499 ejus
943 1370 1087 1487 nomine
1102 1413 1148 1486 de

131 1569 233 1647 didio
248 1565 423 1645 beneficio
440 1582 522 1638 cum
531 1556 706 1635 universis
716 1556 857 1656 juribus
871 1558 1050 1679 ftufflbus
1066 1568 1150 1645 red.
1267 1660 1271 1667 μ
1304 1638 1306 1647 ¹

131 1714 269 1793 ditibus
294 1704 570 1809 &pertinentiis
603 1701 673 1781 suis
703 1703 924 1802 provideatis
943 1714 1148 1843 provideri.
1234 1744 1239 1759 ·
1396 1775 1397 1816 ᾖ

133 1891 209 1969 que
230 1865 368 1947 faciatis
397 1862 496 1939 omni
521 1856 672 1939 ceffante
708 1861 966 1959 impedimento
990 1866 1150 1972 integra-

132 2022 221 2098 litor
243 2017 279 2093 dr
300 2038 383 2094 cum
402 2011 534 2091 effediu
555 2013 652 2090 circa
672 2007 840 2111 premissa
855 2013 976 2092 taliter
1010 2020 1151 2121 agendo
1173 2043 1177 2054 ¹

135 2185 313 2274 quatenus
336 2172 384 2247 ad
408 2166 546 2272 jurium
579 2168 861 2273 privilegiorum
888 2169 1096 2252 libertatum
1118 2174 1154 2253 dr

140 2339 344 2441 gratiarum
370 2336 502 2436 quibus
538 2337 753 2417 devociones
777 2336 894 2415 vestre
918 2360 941 2415 a
967 2340 1154 2422 Romano·¹

140 2519 225 2577 rum
264 2494 490 2595 Principibus
516 2498 644 2578 nostris
675 2494 951 2578 antecessoribus
990 2500 1156 2605 infignite

139 2646 223 2727 sunt
245 2647 550 2726 manutentionem
583 2647 702 2726 nostra
723 2642 920 2724 sublimitas
942 2646 1155 2749 vigilancius

140 2807 317 2890 invitetur
329 2858 345 2904 „
384 2809 482 2883 omni
512 2799 617 2884 causa
643 2796 785 2880 exclusa
814 2822 882 2898 pet
908 2823 1015 2900 quam
1041 2804 1157 2882 veluti

144 2955 390 3056 imperialium
411 2954 447 3029 da
471 2953 664 3056 Regalium
682 2951 819 3051 jurium
842 2947 1158 3034 observandarum
1274 3023 1278 3042 ,
1399 2931 1401 3002 3

144 3106 503 3188 &consuetudinum
544 3107 739 3186 violatores
783 3107 996 3186 devociones
1040 3093 1190 3220 vellre¹

145 3253 284 3356 pollent
306 3253 579 3352 quomodolibet
612 3255 813 3354 improbari
840 3255 1062 3356 presencium
1093 3259 1160 3341 sub

125 3448 128 3455 >⁴
152 3416 262 3497 nostri
289 3413 437 3515 Regalis
464 3412 570 3516 sigilli
592 3415 806 3514 appensione
834 3421 1033 3498 testimonio
1064 3420 1162 3501 litte·
1192 3511 1207 3518 ,

149 3595 294 3691 renum.¹
346 3570 481 3646 Datum
507 3571 716 3672 Aquisgrani
746 3570 821 3670 ipso
846 3574 902 3651 die
926 3573 1039 3653 felicis
1061 3597 1164 3652 coro·
1265 3639 1267 3646 .
1400 3575 1401 3646 l

150 3731 312 3812 nacionis
337 3729 455 3803 nostre
479 3728 589 3840 Anno
614 3725 689 3804 Drii
710 3726 905 3804 Millesrmo
924 3731 1166 3832 quadringen-

152 3895 278 3971 tesrmo
317 3886 589 3993 quadragesimo
622 3882 776 3963 secundo
805 3885 911 3990 regni
938 3886 1049 3964 nostri
1072 3907 1167 3965 anno

152 4055 280 4134 tercio.

1034 4211 1123 4280 Nota
