<?xml version="1.0" encoding="UTF-8"?>
<!DOCTYPE html PUBLIC "-//W3C//DTD XHTML 1.0 Transitional//EN"
    "http://www.w3.org/TR/xhtml1/DTD/xhtml1-transitional.dtd">
<html xmlns="http://www.w3.org/1999/xhtml" xml:lang="en" lang="en">
 <head>
  <title>
</title>
<meta http-equiv="Content-Type" content="text/html;charset=utf-8" />
  <meta name='ocr-system' content='tesseract 3.04.00' />
  <meta name='ocr-capabilities' content='ocr_page ocr_carea ocr_par ocr_line ocrx_word'/>
</head>
<body>
  <div class='ocr_page' id='page_1' title='image "./subsidiadiploma01wrgoog/subsidiadiploma01wrgoog_0365.png"; bbox 0 0 2984 5100; ppageno 0'>
   <div class='ocr_carea' id='block_1_1' title="bbox 513 482 1113 591">
    <p class='ocr_par' dir='ltr' id='par_1_1' title="bbox 491 467 1113 598">
     <span class='ocr_line' id='line_1_1' title="bbox 513 482 1113 591; baseline -0.014 6.682"><span class='ocrx_word' id='word_1_1' title='bbox 513 493 779 557; x_wconf 56' lang='lat' dir='ltr'>&#39;W</span> <span class='ocrx_word' id='word_1_2' title='bbox 908 552 911 559; x_wconf 91' lang='lat'>·</span> <span class='ocrx_word' id='word_1_3' title='bbox 1044 482 1113 591; x_wconf 66' lang='grc' dir='ltr'>ιιι</span> 
     </span>
    </p>
   </div>
   <div class='ocr_carea' id='block_1_2' title="bbox 114 672 1181 1129">
    <p class='ocr_par' dir='ltr' id='par_1_2' title="bbox 114 672 1181 1129">
     <span class='ocr_line' id='line_1_2' title="bbox 114 672 1181 783; baseline 0.004 -24"><span class='ocrx_word' id='word_1_4' title='bbox 114 678 245 759; x_wconf 73' lang='lat' dir='ltr'>cretis</span> <span class='ocrx_word' id='word_1_5' title='bbox 271 676 398 783; x_wconf 79' lang='lat' dir='ltr'>synodi</span> <span class='ocrx_word' id='word_1_6' title='bbox 418 678 639 778; x_wconf 84' lang='lat' dir='ltr'>nuperrimae</span> <span class='ocrx_word' id='word_1_7' title='bbox 658 706 704 760; x_wconf 88' lang='lat' dir='ltr'>ac</span> <span class='ocrx_word' id='word_1_8' title='bbox 731 672 984 761; x_wconf 79' lang='lat' dir='ltr'>reformationi</span> <span class='ocrx_word' id='word_1_9' title='bbox 1009 684 1181 783; x_wconf 53' lang='lat' dir='ltr'>(quates</span> 
     </span>
     <span class='ocr_line' id='line_1_3' title="bbox 117 796 1162 894; baseline 0.004 -22"><span class='ocrx_word' id='word_1_10' title='bbox 117 820 198 872; x_wconf 86' lang='lat' dir='ltr'>nus</span> <span class='ocrx_word' id='word_1_11' title='bbox 223 796 320 893; x_wconf 85' lang='lat' dir='ltr'>ipsos</span> <span class='ocrx_word' id='word_1_12' title='bbox 345 799 406 873; x_wconf 89' lang='lat' dir='ltr'>illa</span> <span class='ocrx_word' id='word_1_13' title='bbox 427 808 740 874; x_wconf 84' lang='lat' dir='ltr'>concerneretnec</span> <span class='ocrx_word' id='word_1_14' title='bbox 757 798 794 873; x_wconf 89' lang='lat' dir='ltr'>in</span> <span class='ocrx_word' id='word_1_15' title='bbox 813 798 949 875; x_wconf 80' lang='lat' dir='ltr'><strong>ordinis</strong></span> <span class='ocrx_word' id='word_1_16' title='bbox 965 815 1027 874; x_wconf 92' lang='lat' dir='ltr'>aut</span> <span class='ocrx_word' id='word_1_17' title='bbox 1044 800 1162 894; x_wconf 83' lang='lat' dir='ltr'>privi-</span> 
     </span>
     <span class='ocr_line' id='line_1_4' title="bbox 115 910 1180 1009; baseline 0.01 -29"><span class='ocrx_word' id='word_1_18' title='bbox 115 910 316 1008; x_wconf 84' lang='lat' dir='ltr'>legiorum</span> <span class='ocrx_word' id='word_1_19' title='bbox 331 911 581 1007; x_wconf 85' lang='lat' dir='ltr'>praejudicium</span> <span class='ocrx_word' id='word_1_20' title='bbox 604 913 792 1007; x_wconf 78' lang='lat' dir='ltr'>tenderet)</span> <span class='ocrx_word' id='word_1_21' title='bbox 817 910 973 1009; x_wconf 81' lang='lat' dir='ltr'>paruisse</span> <span class='ocrx_word' id='word_1_22' title='bbox 998 934 1040 986; x_wconf 92' lang='lat' dir='ltr'>ac</span> <span class='ocrx_word' id='word_1_23' title='bbox 1054 912 1180 1009; x_wconf 73' lang='lat' dir='ltr'>pare-³</span> 
     </span>
     <span class='ocr_line' id='line_1_5' title="bbox 114 1026 1159 1129; baseline 0.002 -28"><span class='ocrx_word' id='word_1_24' title='bbox 114 1050 167 1101; x_wconf 88' lang='lat' dir='ltr'>re</span> <span class='ocrx_word' id='word_1_25' title='bbox 186 1029 370 1126; x_wconf 80' lang='lat' dir='ltr'>deinceps</span> <span class='ocrx_word' id='word_1_26' title='bbox 377 1029 494 1117; x_wconf 87' lang='lat' dir='ltr'>velle,</span> <span class='ocrx_word' id='word_1_27' title='bbox 538 1029 722 1106; x_wconf 75' lang='lat' dir='ltr'>Craterum</span> <span class='ocrx_word' id='word_1_28' title='bbox 748 1029 897 1129; x_wconf 85' lang='lat' dir='ltr'>gravari</span> <span class='ocrx_word' id='word_1_29' title='bbox 924 1029 1086 1105; x_wconf 80' lang='lat' dir='ltr'>ordinem</span> <span class='ocrx_word' id='word_1_30' title='bbox 1101 1026 1159 1103; x_wconf 86' lang='lat' dir='ltr'>su-</span> 
     </span>
    </p>
   </div>
   <div class='ocr_carea' id='block_1_3' title="bbox 116 1140 1156 1345">
    <p class='ocr_par' dir='ltr' id='par_1_3' title="bbox 116 1140 1156 1345">
     <span class='ocr_line' id='line_1_6' title="bbox 116 1140 1156 1243; baseline 0.004 -31"><span class='ocrx_word' id='word_1_31' title='bbox 116 1162 191 1215; x_wconf 92' lang='lat' dir='ltr'>um</span> <span class='ocrx_word' id='word_1_32' title='bbox 209 1142 321 1219; x_wconf 85' lang='lat' dir='ltr'>rebus</span> <span class='ocrx_word' id='word_1_33' title='bbox 338 1141 554 1240; x_wconf 83' lang='lat' dir='ltr'>quibusdam</span> <span class='ocrx_word' id='word_1_34' title='bbox 571 1164 659 1240; x_wconf 86' lang='lat' dir='ltr'>quas</span> <span class='ocrx_word' id='word_1_35' title='bbox 686 1142 812 1221; x_wconf 87' lang='lat' dir='ltr'>libello</span> <span class='ocrx_word' id='word_1_36' title='bbox 828 1140 981 1243; x_wconf 88' lang='lat' dir='ltr'>supplici</span> <span class='ocrx_word' id='word_1_37' title='bbox 994 1140 1080 1219; x_wconf 76' lang='lat' dir='ltr'>ellat</span> <span class='ocrx_word' id='word_1_38' title='bbox 1095 1162 1156 1218; x_wconf 89' lang='lat' dir='ltr'>ex·</span> 
     </span>
     <span class='ocr_line' id='line_1_7' title="bbox 118 1250 773 1345; baseline 0 -22"><span class='ocrx_word' id='word_1_39' title='bbox 118 1250 329 1345; x_wconf 80' lang='lat' dir='ltr'>pofiturus.</span> <span class='ocrx_word' id='word_1_40' title='bbox 770 1318 773 1323; x_wconf 84' lang='lat'><em>.</em></span> 
     </span>
    </p>
   </div>
   <div class='ocr_carea' id='block_1_4' title="bbox 120 1451 1256 2018">
    <p class='ocr_par' dir='ltr' id='par_1_4' title="bbox 120 1451 1256 2018">
     <span class='ocr_line' id='line_1_8' title="bbox 227 1451 1156 1554; baseline -0.002 -22"><span class='ocrx_word' id='word_1_41' title='bbox 227 1457 331 1532; x_wconf 85' lang='lat' dir='ltr'>Rdlls</span> <span class='ocrx_word' id='word_1_42' title='bbox 355 1456 404 1531; x_wconf 88' lang='lat' dir='ltr'>D.</span> <span class='ocrx_word' id='word_1_43' title='bbox 435 1451 564 1532; x_wconf 85' lang='lat' dir='ltr'>Abbas</span> <span class='ocrx_word' id='word_1_44' title='bbox 587 1457 791 1554; x_wconf 78' lang='lat' dir='ltr'>Campenfis</span> <span class='ocrx_word' id='word_1_45' title='bbox 815 1459 1066 1553; x_wconf 88' lang='lat' dir='ltr'>exemplorum</span> <span class='ocrx_word' id='word_1_46' title='bbox 1089 1476 1156 1531; x_wconf 75' lang='lat' dir='ltr'>no·</span> 
     </span>
     <span class='ocr_line' id='line_1_9' title="bbox 120 1574 1152 1668; baseline -0.005 -18"><span class='ocrx_word' id='word_1_47' title='bbox 120 1576 228 1651; x_wconf 87' lang='lat' dir='ltr'>mine</span> <span class='ocrx_word' id='word_1_48' title='bbox 244 1575 296 1651; x_wconf 89' lang='lat' dir='ltr'>ait</span> <span class='ocrx_word' id='word_1_49' title='bbox 319 1598 379 1650; x_wconf 86' lang='lat' dir='ltr'>eos</span> <span class='ocrx_word' id='word_1_50' title='bbox 401 1574 597 1651; x_wconf 74' lang='lat' dir='ltr'>visitationi</span> <span class='ocrx_word' id='word_1_51' title='bbox 613 1579 913 1655; x_wconf 85' lang='lat' dir='ltr'>monasteriorum</span> <span class='ocrx_word' id='word_1_52' title='bbox 929 1575 1152 1668; x_wconf 84' lang='lat' dir='ltr'>suorumpro</span> 
     </span>
     <span class='ocr_line' id='line_1_10' title="bbox 123 1685 1256 1795; baseline -0.004 -27"><span class='ocrx_word' id='word_1_53' title='bbox 123 1691 402 1769; x_wconf 62' lang='lat' dir='ltr'>reformationis</span> <span class='ocrx_word' id='word_1_54' title='bbox 417 1692 662 1789; x_wconf 81' lang='lat' dir='ltr'>exequutione</span> <span class='ocrx_word' id='word_1_55' title='bbox 677 1716 810 1795; x_wconf 88' lang='lat' dir='ltr'>magno</span> <span class='ocrx_word' id='word_1_56' title='bbox 828 1692 942 1769; x_wconf 83' lang='lat' dir='ltr'>studio</span> <span class='ocrx_word' id='word_1_57' title='bbox 957 1685 1155 1766; x_wconf 83' lang='lat' dir='ltr'>incubuiffc</span> <span class='ocrx_word' id='word_1_58' title='bbox 1244 1686 1256 1705; x_wconf 76' lang='grc'><strong>“</strong></span> 
     </span>
     <span class='ocr_line' id='line_1_11' title="bbox 125 1800 1154 1905; baseline -0.005 -27"><span class='ocrx_word' id='word_1_59' title='bbox 125 1800 346 1878; x_wconf 67' lang='lat' dir='ltr'>&amp;subditos</span> <span class='ocrx_word' id='word_1_60' title='bbox 370 1824 532 1899; x_wconf 81' lang='lat' dir='ltr'>parere,</span> <span class='ocrx_word' id='word_1_61' title='bbox 563 1807 707 1901; x_wconf 86' lang='lat' dir='ltr'>paucis,</span> <span class='ocrx_word' id='word_1_62' title='bbox 738 1828 832 1905; x_wconf 84' lang='lat' dir='ltr'>quos</span> <span class='ocrx_word' id='word_1_63' title='bbox 848 1807 885 1883; x_wconf 87' lang='lat' dir='ltr'>in</span> <span class='ocrx_word' id='word_1_64' title='bbox 900 1802 1068 1881; x_wconf 79' lang='lat' dir='ltr'>schedula</span> <span class='ocrx_word' id='word_1_65' title='bbox 1089 1820 1154 1874; x_wconf 89' lang='lat' dir='ltr'>no-</span> 
     </span>
     <span class='ocr_line' id='line_1_12' title="bbox 121 1911 662 2018; baseline -0.002 -18"><span class='ocrx_word' id='word_1_66' title='bbox 121 1940 225 2000; x_wconf 80' lang='lat' dir='ltr'>tatos</span> <span class='ocrx_word' id='word_1_67' title='bbox 244 1911 463 2017; x_wconf 83' lang='lat' dir='ltr'>exhiberet,</span> <span class='ocrx_word' id='word_1_68' title='bbox 490 1923 662 2018; x_wconf 84' lang='lat' dir='ltr'>exceptis.</span> 
     </span>
    </p>
   </div>
   <div class='ocr_carea' id='block_1_5' title="bbox 124 2093 1180 2549">
    <p class='ocr_par' dir='ltr' id='par_1_5' title="bbox 124 2093 1180 2549">
     <span class='ocr_line' id='line_1_13' title="bbox 209 2093 1152 2186; baseline -0.003 -12"><span class='ocrx_word' id='word_1_69' title='bbox 209 2100 259 2175; x_wconf 92' lang='lat' dir='ltr'>D.</span> <span class='ocrx_word' id='word_1_70' title='bbox 280 2093 450 2186; x_wconf 78' lang='lat' dir='ltr'>Decanus&#39;</span> <span class='ocrx_word' id='word_1_71' title='bbox 468 2096 503 2173; x_wconf 89' lang='lat' dir='ltr'>S.</span> <span class='ocrx_word' id='word_1_72' title='bbox 522 2098 676 2176; x_wconf 80' lang='lat' dir='ltr'>Severini</span> <span class='ocrx_word' id='word_1_73' title='bbox 690 2098 1073 2178; x_wconf 82' lang='lat' dir='ltr'>nonrineDecanorum</span> <span class='ocrx_word' id='word_1_74' title='bbox 1089 2116 1152 2171; x_wconf 86' lang='lat' dir='ltr'>ur-</span> 
     </span>
     <span class='ocr_line' id='line_1_14' title="bbox 124 2214 1180 2320; baseline -0.007 -28"><span class='ocrx_word' id='word_1_75' title='bbox 124 2217 307 2293; x_wconf 88' lang='lat' dir='ltr'>banorum</span> <span class='ocrx_word' id='word_1_76' title='bbox 328 2218 584 2320; x_wconf 70' lang='lat' dir='ltr'>collegiorum</span> <span class='ocrx_word' id='word_1_77' title='bbox 616 2216 652 2292; x_wconf 75' lang='lat' dir='ltr'>dr</span> <span class='ocrx_word' id='word_1_78' title='bbox 680 2220 849 2295; x_wconf 87' lang='lat' dir='ltr'>Decanus</span> <span class='ocrx_word' id='word_1_79' title='bbox 868 2217 905 2292; x_wconf 89' lang='lat' dir='ltr'>in</span> <span class='ocrx_word' id='word_1_80' title='bbox 921 2214 1151 2311; x_wconf 75' lang='lat' dir='ltr'>Kdisevowerd</span> <span class='ocrx_word' id='word_1_81' title='bbox 1177 2232 1180 2237; x_wconf 89' lang='lat'>·</span> 
     </span>
     <span class='ocr_line' id='line_1_15' title="bbox 125 2325 1150 2429; baseline -0.007 -22"><span class='ocrx_word' id='word_1_82' title='bbox 125 2333 363 2409; x_wconf 82' lang='lat' dir='ltr'>externorum</span> <span class='ocrx_word' id='word_1_83' title='bbox 387 2334 532 2410; x_wconf 89' lang='lat' dir='ltr'>nomine</span> <span class='ocrx_word' id='word_1_84' title='bbox 554 2326 817 2429; x_wconf 85' lang='lat' dir='ltr'>responderunt</span> <span class='ocrx_word' id='word_1_85' title='bbox 843 2329 879 2408; x_wconf 87' lang='lat' dir='ltr'>se</span> <span class='ocrx_word' id='word_1_86' title='bbox 900 2325 1150 2407; x_wconf 83' lang='lat' dir='ltr'>reformationi</span> 
     </span>
     <span class='ocr_line' id='line_1_16' title="bbox 124 2437 1099 2549; baseline -0.002 -28"><span class='ocrx_word' id='word_1_87' title='bbox 124 2468 278 2544; x_wconf 87' lang='lat' dir='ltr'>parere,</span> <span class='ocrx_word' id='word_1_88' title='bbox 301 2442 579 2549; x_wconf 75' lang='lat' dir='ltr'>transgressores</span> <span class='ocrx_word' id='word_1_89' title='bbox 593 2442 824 2543; x_wconf 81' lang='lat' dir='ltr'>apparitura-s</span> <span class='ocrx_word' id='word_1_90' title='bbox 838 2437 1099 2520; x_wconf 75' lang='lat' dir='ltr'>invisitatione.</span> 
     </span>
    </p>
   </div>
   <div class='ocr_carea' id='block_1_6' title="bbox 126 2642 1148 2976">
    <p class='ocr_par' dir='ltr' id='par_1_6' title="bbox 126 2642 1148 2976">
     <span class='ocr_line' id='line_1_17' title="bbox 126 2642 1147 2725; baseline -0.007 0"><span class='ocrx_word' id='word_1_91' title='bbox 126 2684 131 2698; x_wconf 75' lang='lat'>=</span> <span class='ocrx_word' id='word_1_92' title='bbox 216 2644 444 2724; x_wconf 86' lang='lat' dir='ltr'>Venerabilis</span> <span class='ocrx_word' id='word_1_93' title='bbox 467 2647 572 2725; x_wconf 88' lang='lat' dir='ltr'>Prior</span> <span class='ocrx_word' id='word_1_94' title='bbox 596 2645 879 2724; x_wconf 84' lang='lat' dir='ltr'>Praedicatorum</span> <span class='ocrx_word' id='word_1_95' title='bbox 899 2645 1044 2722; x_wconf 88' lang='lat' dir='ltr'>nomine</span> <span class='ocrx_word' id='word_1_96' title='bbox 1062 2642 1147 2718; x_wconf 89' lang='lat' dir='ltr'>reli·</span> 
     </span>
     <span class='ocr_line' id='line_1_18' title="bbox 129 2755 1148 2864; baseline -0.009 -27"><span class='ocrx_word' id='word_1_97' title='bbox 129 2758 423 2864; x_wconf 85' lang='lat' dir='ltr'>giosorumnrbis</span> <span class='ocrx_word' id='word_1_98' title='bbox 438 2764 565 2842; x_wconf 90' lang='lat' dir='ltr'>retulit</span> <span class='ocrx_word' id='word_1_99' title='bbox 578 2759 795 2838; x_wconf 87' lang='lat' dir='ltr'>monasteria</span> <span class='ocrx_word' id='word_1_100' title='bbox 808 2759 870 2833; x_wconf 87' lang='lat' dir='ltr'>illo</span> <span class='ocrx_word' id='word_1_101' title='bbox 882 2755 1148 2850; x_wconf 74' lang='lat' dir='ltr'>reformationi,</span> 
     </span>
     <span class='ocr_line' id='line_1_19' title="bbox 129 2869 1146 2976; baseline -0.007 -24"><span class='ocrx_word' id='word_1_102' title='bbox 129 2875 300 2976; x_wconf 85' lang='lat' dir='ltr'>legitimis</span> <span class='ocrx_word' id='word_1_103' title='bbox 325 2899 453 2954; x_wconf 90' lang='lat' dir='ltr'>eorum</span> <span class='ocrx_word' id='word_1_104' title='bbox 473 2874 786 2958; x_wconf 81' lang='lat' dir='ltr'>constitutionibus</span> <span class='ocrx_word' id='word_1_105' title='bbox 801 2871 835 2947; x_wconf 77' lang='lat' dir='ltr'>dt</span> <span class='ocrx_word' id='word_1_106' title='bbox 850 2872 1053 2973; x_wconf 78' lang='lat' dir='ltr'>prIvilegiis</span> <span class='ocrx_word' id='word_1_107' title='bbox 1078 2869 1146 2946; x_wconf 87' lang='lat' dir='ltr'>sal-</span> 
     </span>
    </p>
   </div>
   <div class='ocr_carea' id='block_1_7' title="bbox 129 2971 1342 3110">
    <p class='ocr_par' dir='ltr' id='par_1_7' title="bbox 129 2971 1342 3110">
     <span class='ocr_line' id='line_1_20' title="bbox 129 2971 1342 3110; baseline -0.002 -46"><span class='ocrx_word' id='word_1_108' title='bbox 129 2991 205 3082; x_wconf 86' lang='lat' dir='ltr'>vis,</span> <span class='ocrx_word' id='word_1_109' title='bbox 229 3010 361 3086; x_wconf 83' lang='lat' dir='ltr'>parere</span> <span class='ocrx_word' id='word_1_110' title='bbox 382 2989 418 3066; x_wconf 75' lang='lat' dir='ltr'>u</span> <span class='ocrx_word' id='word_1_111' title='bbox 440 2989 578 3070; x_wconf 82' lang='lat' dir='ltr'>habere</span> <span class='ocrx_word' id='word_1_112' title='bbox 600 2985 879 3087; x_wconf 87' lang='lat' dir='ltr'>pleraquc&#39;suos</span> <span class='ocrx_word' id='word_1_113' title='bbox 903 2985 1146 3086; x_wconf 77' lang='lat' dir='ltr'>provinciales</span> <span class='ocrx_word' id='word_1_114' title='bbox 1260 3095 1265 3110; x_wconf 26' lang='lat'><em>⁶</em></span> <span class='ocrx_word' id='word_1_115' title='bbox 1340 2971 1342 2980; x_wconf 67' lang='grc'>’</span> 
     </span>
    </p>
   </div>
   <div class='ocr_carea' id='block_1_8' title="bbox 126 3101 1179 3671">
    <p class='ocr_par' dir='ltr' id='par_1_8' title="bbox 126 3101 1179 3667">
     <span class='ocr_line' id='line_1_21' title="bbox 128 3101 1145 3202; baseline -0.007 -23"><span class='ocrx_word' id='word_1_116' title='bbox 128 3127 171 3180; x_wconf 87' lang='lat' dir='ltr'>ac</span> <span class='ocrx_word' id='word_1_117' title='bbox 194 3102 410 3198; x_wconf 72' lang='lat' dir='ltr'>visitatores,</span> <span class='ocrx_word' id='word_1_118' title='bbox 434 3103 497 3202; x_wconf 91' lang='lat' dir='ltr'>qui</span> <span class='ocrx_word' id='word_1_119' title='bbox 514 3126 586 3182; x_wconf 89' lang='lat' dir='ltr'>non</span> <span class='ocrx_word' id='word_1_120' title='bbox 601 3103 892 3202; x_wconf 81' lang='lat' dir='ltr'>obtemperantes</span> <span class='ocrx_word' id='word_1_121' title='bbox 906 3101 1145 3202; x_wconf 87' lang='lat' dir='ltr'>corrigerent,</span> 
     </span>
     <span class='ocr_line' id='line_1_22' title="bbox 126 3213 1146 3330; baseline -0.007 -36"><span class='ocrx_word' id='word_1_122' title='bbox 126 3217 186 3312; x_wconf 73' lang='lat' dir='ltr'>sed</span> <span class='ocrx_word' id='word_1_123' title='bbox 203 3216 366 3316; x_wconf 81' lang='lat' dir='ltr'>effeipsrs</span> <span class='ocrx_word' id='word_1_124' title='bbox 391 3213 553 3330; x_wconf 72' lang='lat' dir='ltr'>diversos</span> <span class='ocrx_word' id='word_1_125' title='bbox 567 3222 745 3318; x_wconf 80' lang='lat' dir='ltr'>apostatas</span> <span class='ocrx_word' id='word_1_126' title='bbox 763 3221 872 3298; x_wconf 87' lang='lat' dir='ltr'>etiam</span> <span class='ocrx_word' id='word_1_127' title='bbox 891 3213 1061 3320; x_wconf 87' lang='lat' dir='ltr'>regimini</span> <span class='ocrx_word' id='word_1_128' title='bbox 1069 3213 1146 3288; x_wconf 89' lang='lat' dir='ltr'>ani·</span> 
     </span>
     <span class='ocr_line' id='line_1_23' title="bbox 128 3334 1147 3437; baseline -0.007 -23"><span class='ocrx_word' id='word_1_129' title='bbox 128 3359 268 3414; x_wconf 90' lang='lat' dir='ltr'>marom</span> <span class='ocrx_word' id='word_1_130' title='bbox 292 3334 472 3414; x_wconf 88' lang='lat' dir='ltr'>adhibitos</span> <span class='ocrx_word' id='word_1_131' title='bbox 496 3362 539 3415; x_wconf 89' lang='lat' dir='ltr'>ac</span> <span class='ocrx_word' id='word_1_132' title='bbox 560 3354 703 3414; x_wconf 89' lang='lat' dir='ltr'>notatos</span> <span class='ocrx_word' id='word_1_133' title='bbox 720 3339 757 3417; x_wconf 93' lang='lat' dir='ltr'>in</span> <span class='ocrx_word' id='word_1_134' title='bbox 776 3335 911 3437; x_wconf 85' lang='lat' dir='ltr'>synodo</span> <span class='ocrx_word' id='word_1_135' title='bbox 927 3355 1066 3430; x_wconf 87' lang='lat' dir='ltr'>nupera</span> <span class='ocrx_word' id='word_1_136' title='bbox 1081 3355 1147 3408; x_wconf 88' lang='lat' dir='ltr'>nec</span> 
     </span>
     <span class='ocr_line' id='line_1_24' title="bbox 129 3448 1146 3547; baseline -0.006 -19"><span class='ocrx_word' id='word_1_137' title='bbox 129 3473 246 3528; x_wconf 86' lang='lat' dir='ltr'>tomen</span> <span class='ocrx_word' id='word_1_138' title='bbox 258 3463 421 3544; x_wconf 90' lang='lat' dir='ltr'>amotos,</span> <span class='ocrx_word' id='word_1_139' title='bbox 447 3451 510 3547; x_wconf 89' lang='lat' dir='ltr'>qui</span> <span class='ocrx_word' id='word_1_140' title='bbox 531 3448 754 3528; x_wconf 87' lang='lat' dir='ltr'>sacramenta</span> <span class='ocrx_word' id='word_1_141' title='bbox 769 3473 842 3526; x_wconf 89' lang='lat' dir='ltr'>non</span> <span class='ocrx_word' id='word_1_142' title='bbox 859 3448 1146 3524; x_wconf 88' lang='lat' dir='ltr'>vererenturad-</span> 
     </span>
     <span class='ocr_line' id='line_1_25' title="bbox 128 3562 1179 3671; baseline -0.006 -23"><span class='ocrx_word' id='word_1_143' title='bbox 128 3569 326 3650; x_wconf 81' lang='lat' dir='ltr'>ministmre</span> <span class='ocrx_word' id='word_1_144' title='bbox 352 3570 513 3671; x_wconf 80' lang='lat' dir='ltr'>populo,</span> <span class='ocrx_word' id='word_1_145' title='bbox 538 3567 684 3667; x_wconf 85' lang='lat' dir='ltr'>ubiipst</span> <span class='ocrx_word' id='word_1_146' title='bbox 705 3567 992 3646; x_wconf 87' lang='lat' dir='ltr'>excommunicat</span> <span class='ocrx_word' id='word_1_147' title='bbox 993 3591 1006 3640; x_wconf 84' lang='lat'>1</span> <span class='ocrx_word' id='word_1_148' title='bbox 996 3562 1146 3663; x_wconf 71' lang='lat' dir='ltr'>client,</span> <span class='ocrx_word' id='word_1_149' title='bbox 1176 3574 1179 3585; x_wconf 91' lang='lat'>&#39;</span> 
     </span>
    </p>
   </div>
   <div class='ocr_carea' id='block_1_9' title="bbox 130 3681 1324 3785">
    <p class='ocr_par' dir='ltr' id='par_1_9' title="bbox 130 3681 1324 3785">
     <span class='ocr_line' id='line_1_26' title="bbox 130 3681 1324 3785; baseline -0.002 -23"><span class='ocrx_word' id='word_1_150' title='bbox 130 3684 272 3785; x_wconf 85' lang='lat' dir='ltr'>petebat</span> <span class='ocrx_word' id='word_1_151' title='bbox 287 3682 422 3759; x_wconf 87' lang='lat' dir='ltr'>idcirco</span> <span class='ocrx_word' id='word_1_152' title='bbox 439 3687 622 3762; x_wconf 89' lang='lat' dir='ltr'>communi</span> <span class='ocrx_word' id='word_1_153' title='bbox 642 3688 804 3762; x_wconf 89' lang='lat' dir='ltr'>omnium</span> <span class='ocrx_word' id='word_1_154' title='bbox 823 3686 966 3763; x_wconf 75' lang='lat' dir='ltr'>nantino</span> <span class='ocrx_word' id='word_1_155' title='bbox 983 3687 1145 3764; x_wconf 81' lang='lat' dir='ltr'>utRmds</span> <span class='ocrx_word' id='word_1_156' title='bbox 1181 3681 1185 3690; x_wconf 76' lang='grc'><em>“</em></span> <span class='ocrx_word' id='word_1_157' title='bbox 1319 3709 1324 3731; x_wconf 76' lang='grc'><em>·</em></span> 
     </span>
    </p>
   </div>
   <div class='ocr_carea' id='block_1_10' title="bbox 129 3792 1213 4009">
    <p class='ocr_par' dir='ltr' id='par_1_10' title="bbox 129 3792 1213 4009">
     <span class='ocr_line' id='line_1_27' title="bbox 131 3792 1146 3923; baseline -0.004 -49"><span class='ocrx_word' id='word_1_158' title='bbox 131 3799 177 3874; x_wconf 88' lang='grc' dir='ltr'>Ι).</span> <span class='ocrx_word' id='word_1_159' title='bbox 192 3816 274 3872; x_wconf 84' lang='lat' dir='ltr'>cum</span> <span class='ocrx_word' id='word_1_160' title='bbox 292 3792 455 3870; x_wconf 81' lang='lat' dir='ltr'>Concilio</span> <span class='ocrx_word' id='word_1_161' title='bbox 462 3816 582 3923; x_wconf 81' lang='lat' dir='ltr'>ogere</span> <span class='ocrx_word' id='word_1_162' title='bbox 600 3797 805 3876; x_wconf 77' lang='lat' dir='ltr'>velletrum</span> <span class='ocrx_word' id='word_1_163' title='bbox 819 3795 1052 3874; x_wconf 84' lang='lat' dir='ltr'>Illusttifflmo</span> <span class='ocrx_word' id='word_1_164' title='bbox 1065 3797 1146 3871; x_wconf 91' lang='lat' dir='ltr'>Du·</span> 
     </span>
     <span class='ocr_line' id='line_1_28' title="bbox 129 3903 1213 4009; baseline -0.001 -21"><span class='ocrx_word' id='word_1_165' title='bbox 129 3937 170 3988; x_wconf 84' lang='lat' dir='ltr'>ce</span> <span class='ocrx_word' id='word_1_166' title='bbox 190 3903 370 3982; x_wconf 84' lang='lat' dir='ltr'>Clivenfi</span> <span class='ocrx_word' id='word_1_167' title='bbox 359 3929 396 3982; x_wconf 92' lang='lat' dir='ltr'>m</span> <span class='ocrx_word' id='word_1_168' title='bbox 413 3905 514 4004; x_wconf 80' lang='lat' dir='ltr'>cujus</span> <span class='ocrx_word' id='word_1_169' title='bbox 532 3908 727 3986; x_wconf 85' lang='lat' dir='ltr'>ditionibus</span> <span class='ocrx_word' id='word_1_170' title='bbox 740 3911 960 4009; x_wconf 78' lang='lat' dir='ltr'>potilirmum</span> <span class='ocrx_word' id='word_1_171' title='bbox 976 3915 1147 3988; x_wconf 86' lang='lat' dir='ltr'>viverent</span> <span class='ocrx_word' id='word_1_172' title='bbox 1180 3916 1213 3956; x_wconf 61' lang='lat'>⁸·</span> 
     </span>
    </p>
   </div>
   <div class='ocr_carea' id='block_1_11' title="bbox 129 4015 1260 4238">
    <p class='ocr_par' dir='ltr' id='par_1_11' title="bbox 129 4015 1260 4238">
     <span class='ocr_line' id='line_1_29' title="bbox 130 4015 1144 4130; baseline 0.014 -32"><span class='ocrx_word' id='word_1_173' title='bbox 130 4025 269 4118; x_wconf 77' lang='lat' dir='ltr'>decori,</span> <span class='ocrx_word' id='word_1_174' title='bbox 308 4048 354 4102; x_wconf 93' lang='lat' dir='ltr'>ne</span> <span class='ocrx_word' id='word_1_175' title='bbox 376 4015 688 4125; x_wconf 64' lang='lat' dir='ltr'>quis&#39;luoromeis</span> <span class='ocrx_word' id='word_1_176' title='bbox 716 4030 753 4110; x_wconf 89' lang='lat' dir='ltr'>in</span> <span class='ocrx_word' id='word_1_177' title='bbox 778 4034 920 4110; x_wconf 73' lang='lat' dir='ltr'>literato</span> <span class='ocrx_word' id='word_1_178' title='bbox 935 4033 1144 4130; x_wconf 82' lang='lat' dir='ltr'>Juliacenfi,</span> 
     </span>
     <span class='ocr_line' id='line_1_30' title="bbox 129 4130 1260 4238; baseline 0.011 -24"><span class='ocrx_word' id='word_1_179' title='bbox 129 4133 327 4236; x_wconf 60' lang='lat' dir='ltr'>orassem,</span> <span class='ocrx_word' id='word_1_180' title='bbox 354 4139 533 4238; x_wconf 69' lang='lat' dir='ltr'>Clivenfi,</span> <span class='ocrx_word' id='word_1_181' title='bbox 558 4141 593 4218; x_wconf 80' lang='lat' dir='ltr'>dc</span> <span class='ocrx_word' id='word_1_182' title='bbox 623 4142 842 4223; x_wconf 86' lang='lat' dir='ltr'>Comitatua</span> <span class='ocrx_word' id='word_1_183' title='bbox 858 4147 985 4224; x_wconf 62' lang='lat' dir='ltr'>altrea</span> <span class='ocrx_word' id='word_1_184' title='bbox 1003 4151 1059 4224; x_wconf 90' lang='lat' dir='ltr'>vel</span> <span class='ocrx_word' id='word_1_185' title='bbox 1071 4151 1144 4224; x_wconf 84' lang='lat' dir='ltr'>Ra·</span> <span class='ocrx_word' id='word_1_186' title='bbox 1252 4130 1260 4148; x_wconf 23' lang='grc' dir='ltr'><strong>Χ</strong></span> 
     </span>
    </p>
   </div>
   <div class='ocr_carea' id='block_1_12' title="bbox 653 4252 1149 4354">
    <p class='ocr_par' dir='ltr' id='par_1_12' title="bbox 653 4252 1149 4354">
     <span class='ocr_line' id='line_1_31' title="bbox 653 4252 1149 4354; baseline 0.012 -23"><span class='ocrx_word' id='word_1_187' title='bbox 653 4252 684 4331; x_wconf 81' lang='lat' dir='ltr'>Y</span> <span class='ocrx_word' id='word_1_188' title='bbox 712 4275 730 4344; x_wconf 80' lang='lat'><em>3</em></span> <span class='ocrx_word' id='word_1_189' title='bbox 930 4261 1108 4354; x_wconf 62' lang='lat' dir='ltr'>alelmo·</span> <span class='ocrx_word' id='word_1_190' title='bbox 1148 4257 1149 4262; x_wconf 62' lang='grc'>’</span> 
     </span>
    </p>
   </div>
   <div class='ocr_carea' id='block_1_13' title="bbox 0 0 1502 5100">
    <p class='ocr_par' dir='ltr' id='par_1_13' title="bbox 0 0 1502 5100">
     <span class='ocr_line' id='line_1_32' title="bbox 0 0 1502 5100; baseline 0 0"><span class='ocrx_word' id='word_1_191' title='bbox 0 0 1502 5100; x_wconf 95' lang='lat' dir='ltr'> </span> 
     </span>
    </p>
   </div>
  </div>
 </body>
</html>
