2984 5100
365 524 413 611 73
700 470 967 576 mm

320 720 410 789 rum
425 696 605 783 diuorum
626 704 789 803 partium
808 726 877 801 per
898 700 977 779 suas
998 701 1136 777 litteras
1159 700 1348 800 Apostoli.

321 848 384 927 cus¹
408 818 626 900 exauiffime
657 818 854 911 commisit,
894 816 995 915 cujus
1014 818 1191 894 mandatis
1218 840 1287 893 nos
1308 836 1349 895 ut

320 950 488 1016 tenemur
517 931 771 1027 obtemperare
802 930 967 1005 volentes
995 929 1226 1025 maximeque
1248 930 1348 1005 utili-

321 1067 434 1129 tatem
448 1046 678 1125 ecclesiarum
698 1044 1059 1147 omnesqueciericos
1078 1044 1116 1122 in
1133 1041 1204 1120 suis
1222 1042 1349 1121 officiis

321 1169 429 1271 digne
446 1164 603 1241 Domino
627 1161 804 1239 famulari
812 1158 1020 1237 affeetantes
1034 1162 1081 1236 ad
1094 1157 1348 1237 emoniensem

318 1278 645 1375 Metropolitanam
670 1274 858 1353 civitatem
895 1271 1133 1371 personaliter
1167 1271 1351 1351 descend·

320 1418 402 1477 mus
417 1390 539 1489 ibique
558 1386 725 1493 *diligenti
741 1388 866 1467 habita
883 1386 1110 1485 inquisitione
1131 1411 1176 1464 ac
1196 1387 1350 1468 visitatis

319 1506 485 1611 predidia
506 1505 645 1605 Maiori
669 1530 735 1587 nec
754 1528 828 1583 non
850 1504 888 1581 dc
910 1506 990 1583 aliis
1016 1507 1176 1605 ejusdem
1191 1506 1350 1583 civitatis

320 1623 520 1727 collegiatis
539 1620 771 1727 regularibus
786 1619 823 1696 dc
834 1617 1056 1698 secularibus
1075 1644 1118 1697 ac
1135 1622 1350 1719 parrochia·
1397 1641 1398 1646 ‘

319 1749 415 1830 libus
433 1740 586 1821 ecclesus
602 1740 718 1819 muita
739 1738 850 1841 digna
867 1737 1094 1815 correctione
1110 1737 1145 1813 dr
1165 1732 1348 1815 reforma·
1395 1754 1398 1760 ’

320 1860 418 1940 tione
443 1856 646 1935 invenimus
675 1874 745 1951 que
775 1848 1110 1929 omnia'secundum
1140 1848 1237 1927 infra
1260 1847 1348 1928 scri·
1396 1911 1398 1914 .

317 1994 425 2080 ptum
444 1972 594 2050 modum
617 1964 968 2065 maturaprebsbita
984 1967 1246 2044 deliberatione
1261 1983 1348 2045 cum
1397 1991 1398 1994 ‘

306 2093 367 2173 .V.
392 2093 440 2169 R.
464 2086 501 2165 P.
530 2106 574 2162 ac
596 2082 779 2161 nonnuliis
804 2082 979 2184 gravibus
1017 2081 1054 2157 dr
1081 2078 1351 2178 circumspedtis

318 2198 482 2306 personis
505 2191 729 2294 presentibus
758 2195 1041 2292 inperpetuum
1069 2192 1240 2274 valituris
1261 2216 1350 2275 eon.
1397 2267 1398 2270 q

321 2316 563 2401 stitutionibus
591 2314 840 2391 ordinavimus
861 2312 899 2389 dc
921 2314 1217 2408 emendavimus,
1247 2314 1349 2391 ideo-
1397 2372 1399 2379 .

320 2460 391 2539 que
424 2434 529 2517 vobis
561 2433 727 2509 omnibus
757 2432 792 2507 dc
820 2430 968 2533 singulis
996 2432 1033 2509 in
1068 2434 1206 2509 virtute
1227 2428 1351 2509 sande
1397 2493 1399 2497 ,

319 2553 526 2634 ,obedientie
547 2548 711 2628 districte
734 2549 969 2648 precipiendo
988 2552 1199 2628 mandamus
1220 2566 1265 2626 ut
1282 2545 1348 2626 has

319 2669 457 2752 nostras
479 2665 746 2744 constitutiones
756 2679 870 2762 prout
878 2666 1078 2764 quemlibet
1095 2666 1257 2742 vestrum
1271 2682 1351 2742 tan-

232 2881 234 2886 ,
321 2801 415 2892 gunt
440 2779 504 2859 sub
531 2783 632 2882 penis
654 2784 693 2860 in
723 2781 807 2879 ipsrs
828 2783 1141 2878 constitutionibus
1172 2785 1348 2860 contentis

318 2928 405 2986 cum
434 2901 532 2978 omni
565 2901 684 2978 debita
710 2902 917 2991 humiditate
942 2897 1169 2998 suscipientes
1192 2901 1350 2979 firmiter

316 3013 545 3100 'observetis⁹
571 3036 645 3090 nou
664 3015 884 3092 obstantibus
901 3017 1037 3092 statutis
1064 3015 1098 3088 dr
1126 3012 1351 3094 consuetudi-

257 3131 264 3152 ‘
321 3134 428 3210 nibus
445 3129 557 3208 etiam
588 3129 797 3226 juramento.
817 3149 881 3206 aut
908 3131 1034 3227 quavis
1064 3131 1136 3207 aliu
1154 3134 1351 3212 autoritate

322 3247 466 3324 vallatis
482 3269 549 3320 nec
565 3267 636 3320 nou
653 3247 857 3346 privilegiis
882 3247 1026 3322 indultis
1036 3271 1040 3280 ’
1051 3271 1092 3322 ac
1108 3249 1352 3348 litterisApo·

290 3445 295 3452 ,
321 3365 452 3466 stolicis
476 3378 538 3439 aut
562 3361 714 3452 aliorum
744 3384 1044 3462 quorumcunque
1065 3365 1101 3440 iu
1125 3369 1351 3445 contrarium

321 3471 538 3560 facientibus
567 3477 698 3577 quibus
718 3494 833 3576 prout
854 3477 929 3575 ipse
960 3483 1137 3558 Dominus
1167 3485 1290 3561 noster
1314 3487 1350 3563 iu

232 3587 236 3594 ’
323 3592 393 3672 suis
411 3593 542 3670 litteris
563 3591 726 3690 expresse
745 3595 897 3695 derogat
923 3620 986 3673 nos
1004 3599 1110 3672 etiam
1133 3600 1350 3700 derogamus

158 3697 160 3714 '
251 3771 254 3778 .
323 3709 361 3786 dr
378 3707 463 3806 quia
490 3703 623 3782 frustra
646 3709 741 3807 leges
767 3709 1011 3786 conderentur
1036 3709 1099 3784 nist
1136 3699 1194 3787 eas
1222 3713 1357 3810 aliquis

328 3823 448 3904 debite
474 3835 735 3918 exequeretur,
760 3821 842 3898 ideo
861 3843 926 3898 vos
943 3822 1229 3904 Rmdmi’atrem
1244 3829 1349 3905 alios-

328 3959 398 4036 que
409 3927 717 4030 mrcbiepisoopos
734 3932 798 4029 qui
818 3953 887 4028 pro
907 3949 1072 4029 tempore
1086 3935 1223 4014 suerint
1242 3939 1351 4016 vestri

327 4064 538 4146 iitccess'ores
557 4062 685 4138 harum
706 4063 906 4138 nostrarum
929 4065 1221 4144 constitutionum
1239 4068 1276 4144 dr
1293 4092 1351 4146 or-

330 4186 555 4265 dinationum
577 4189 790 4256 executores
806 4178 967 4258 saciatus
988 4179 1024 4256 dr
1047 4186 1263 4282 deputamus
1286 4209 1350 4264 vo·

1174 4298 1302 4399 bisque

1390 1457 1398 1542 Ι,
