2984 5100
401 240 404 243 “
536 238 545 284 l

460 522 780 585 *ma
1023 539 1092 615 ης

147 710 181 787 tis
195 709 233 809 dr
246 704 372 793 illicitis
395 708 620 809 ecclesiisque
636 729 720 802 aut
736 710 864 805 mensis
884 694 1140 810 predictorum
1187 751 1192 769 r
1296 725 1304 732 '

147 828 341 923 prelatorum
373 822 408 906 lle
429 828 654 922 prelatorum
675 826 970 925 prejudicialibus
987 852 1073 924 quas
1101 831 1138 909 δι’

148 962 200 1035 que
211 940 243 1017 in
265 937 498 1039 allumption'e
515 964 644 1021 eorum
666 942 847 1019 dearum
868 940 987 1041 quivis
1006 946 1139 1039 prelati
1200 962 1233 1013 ’-

147 1056 303 1152 dprelate
321 1059 565 1159 cujuscunque
585 1060 694 1142 status
720 1063 851 1165 gradus
868 1075 933 1137 aut
953 1061 1141 1170 dignitatis,

148 1172 270 1247 existant
294 1172 527 1269 prestiterunt
550 1170 771 1251 absolvimus
795 1173 829 1249 dc
853 1172 900 1247 ab
924 1192 1053 1252 eorum
1079 1201 1140 1258 ea-

146 1302 270 1380 rumque
285 1285 543 1365 obseruatione·
556 1290 698 1386 penitus
724 1288 916 1366 eximimus
938 1286 975 1364 dr
1003 1290 1139 1375 libera-

146 1420 205 1471 mus
231 1395 417 1477 statuentes
443 1398 708 1477 demandantes
731 1417 773 1477 ut
803 1400 970 1497 deinceps
993 1404 1040 1482 ad
1063 1406 1137 1481 eie.
1173 1498 1176 1502 ἵ

146 1509 272 1587 dionem
287 1494 470 1589 dictamni
489 1514 714 1611 prelatorum
738 1510 1017 1609 &prelatorum
1042 1536 1138 1611 pure
1168 1530 1171 1538 ’

145 1624 198 1701 lire
218 1630 285 1705 ulla
307 1628 513 1705 conditione
531 1644 596 1705 aut
624 1627 792 1724 padlione
823 1625 956 1732 debere
987 1630 1138 1725 procedi

146 1760 194 1814 nec
206 1743 305 1829 etiam
321 1739 450 1839 inipso
470 1738 698 1818 ecelefiarum
726 1735 998 1839 pollellionistir
1021 1744 1137 1821 admi-

145 1854 330 1936 riistrationis
344 1856 539 1953 adeptione
559 1854 634 1933 five
648 1864 716 1953 per
738 1856 834 1931 vlam
854 1853 1038 1932 elediiouis
1061 1857 1138 1944 live
1172 1880 1177 1893 ’

144 1970 327 2067 provisionis
355 1970 548 2069 apostolice
566 1968 704 2046 fuerint
717 1968 878 2067 promoti
894 1972 953 2049 vel
967 1980 1141 2069 promote

144 2082 316 2177 pollionem
335 2100 400 2159 aut
415 2082 693 2173 conventionem
715 2079 813 2183 exigi
840 2076 901 2158 seu
924 2092 1138 2185 extorqueri
1270 2114 1306 2143 1*

145 2196 249 2273 debere
279 2198 419 2297 alioqui
445 2214 519 2301 tam
553 2197 736 2301 exigentes
761 2217 871 2293 quam
888 2198 1045 2277 eleiium
1060 2202 1138 2285 five

145 2308 663 2411 prouisumprestenternultra
695 2309 784 2385 olias
810 2326 920 2407 penas
947 2311 1037 2408 iuris
1060 2315 1137 2419 stre

145 2428 495 2526 excommunicationis
512 2424 696 2545 subjacete
715 2428 955 2506 decernimus.
1034 2428 1038 2435 ’

188 2653 239 2731 Do
259 2619 426 2757 reqrsifiris
450 2655 498 2730 orl
518 2651 675 2732 redderem
693 2598 916 2750 parrochialis
938 2654 1068 2755 eoeleste.

212 2789 419 2916 lautus
459 2839 586 2896 curam
617 2816 822 2896 animarum
856 2813 1029 2897 habentes
1064 2812 1139 2898 non'
1225 2830 1227 2836 '
1300 2883 1307 2902 ,

143 2934 281 3036 ignorent
297 2940 387 3038 quid
405 2939 452 3014 ad
478 2937 582 3014 suurn
604 2935 784 3034 pertineat
805 2929 963 3037 officium
987 2935 1021 3013 tle
1048 2961 1140 3036 quo·

145 3055 225 3126 nodo
240 3057 363 3152 plebes
382 3055 449 3135 fibi
464 3053 663 3136 commilias'
677 3051 713 3136 ln
726 3053 822 3129 viam
838 3049 958 3151 salutis
979 3042 1141 3159 dirigere

143 3166 261 3242 soleant
282 3173 495 3250 mandamus
513 3170 679 3246 omnibus
704 3165 739 3242 dr
758 3163 904 3268 singulis
920 3185 1046 3242 curam
1062 3163 1140 3278 rini-

143 3293 258 3354 matum
273 3304 340 3378 per
364 3280 607 3362 civitatem&
631 3279 785 3384 diocesin
810 3275 1049 3356 coloniensem
1075 3282 1141 3360 ltu·¹

143 3383 283 3470 bentibus
308 3395 346 3471 dc
372 3395 567 3494 presertim
597 3392 881 3494 parrochianum
911 3392 1140 3488 ecclefiarunp

143 3501 320 3594 redtoribus
337 3511 375 3587 in
392 3511 530 3588 virtute
548 3505 668 3590 sancte
692 3506 946 3587 obedientie&
966 3505 1030 3584 sub
1047 3532 1142 3604 pena
1173 3600 1178 3604 .

143 3615 349 3716 suspensionis
369 3629 687 3710 adivinis'officiis
706 3647 748 3706 ut
760 3626 856 3706 infra
871 3625 1028 3706 mensem
1039 3654 1069 3704 >a
1085 3634 1142 3711 die
1241 3702 1250 3726 ,

141 3737 372 3828 publicationis
391 3745 613 3842 presentium
629 3745 663 3820 dr
679 3743 807 3834 notitie
824 3744 1018 3821 earundem
1037 3763 1147 3843 quas-z

144 3852 206 3930 itm
223 3859 420 3940 laudabiles
443 3865 709 3942 constitutiones
725 3861 793 3936 bo:
818 3881 896 3938 me:
922 3857 1048 3963 syfridi
1066 3868 1144 3943 Ar·

143 3971 336 4077 thiepiscopi
355 3980 562 4082 coloniensis
582 3981 648 4060 sub
664 3978 770 4062 titulo
788 3978 942 4078 qualiter
966 3965 1088 4058 clerici
1109 3982 1146 4060 tir
1172 4023 1176 4034 ·

142 4093 273 4174 maxime
295 4095 497 4194 sacerdotes
516 4099 696 4194 populum
717 4091 779 4168 seu
803 4095 956 4192 plebem·
974 4113 1143 4199 regentes

144 4196 499 4316 badmnrstrattope·
524 4213 834 4309 sacramentorum
854 4206 895 4307 le
925 4212 1062 4290 habere
1085 4219 1151 4294 dex

271 4349 275 4365 ·
619 4327 713 4431 pta
843 4395 848 4401 ·
989 4325 1101 4432 beant
1230 4428 1244 4439 ,

911 4487 927 4583 i
