2984 5100
891 308 897 325 ι
929 238 970 287 ’Ὁ

847 400 876 459 χ..

143 690 304 790 arciorem
320 702 462 789 partem
486 688 616 773 debeat
636 687 864 790 judicatiad
880 712 1010 788 penam
1023 687 1145 767 secun
1167 775 1170 780 ,
1253 647 1255 656 ¹

145 815 218 887 dom
244 809 511 890 consuetudines
534 812 764 893 ecclesrarunr
795 813 913 916 infligi
943 810 1173 903 cousuetam!

144 928 363 1025 reprobantes
385 927 679 1007 consuetudinem
706 930 807 1005 illam
832 918 1006 1027 tanqudm
1029 929 1146 1004 minus

143 1048 379 1126 rationabilem
406 1063 447 1125 ut
474 1048 645 1126 videlicet
667 1046 733 1125 soli
759 1048 873 1147 aliqui
905 1044 1059 1130 Diacoui
1083 1045 1148 1118 ha·

145 1160 238 1243 beant
259 1165 481 1261 presbiteros
512 1164 702 1246 canonicos
739 1164 775 1238 oz
804 1164 894 1239 alios
919 1162 1147 1239 beneficiatos

144 1276 311 1371 judicare,
335 1274 452 1353 sanius
471 1276 567 1355 enim
584 1276 731 1356 videtur
744 1262 822 1357 'effe
845 1272 1028 1353 confilium
1050 1266 1147 1366 qtrod

146 1408 200 1483 per
216 1404 330 1469 totum
346 1390 542 1488 capitulum
562 1406 627 1471 aut
650 1389 826 1487 majorem
849 1403 990 1487 partem
1012 1381 1147 1468 delibe-

146 1522 253 1598 ratur,
277 1528 387 1602 quam
403 1504 428 1580 si
443 1528 511 1603 per
523 1504 662 1607 aliquos
688 1503 781 1579 solos
801 1504 967 1583 diaconos
983 1496 1146 1599 quosali-

147 1618 270 1713 qnando
286 1616 494 1695 indiscretos
517 1618 754 1717 &imperitos
773 1616 842 1695 esse
858 1616 1055 1714 contingit,
1079 1614 1146 1689 irn-

146 1730 324 1824 probamus
351 1732 458 1831 etiam
477 1730 630 1815 abusum
655 1732 759 1809 illum
784 1789 794 1813 .
820 1790 829 1807 .
857 1790 868 1807 .
901 1726 1036 1808 servari
1064 1724 1145 1800 soli·
1174 1760 1186 1769 ·

147 1860 210 1923 tttnr
225 1867 263 1927 ut
281 1854 309 1928 is
352 1852 391 1926 ui
409 1852 527 1949 primas
550 1852 630 1929 vice
653 1850 928 1948 disciplinandos
951 1848 1000 1924 est
1020 1845 1147 1920 debeat
1174 1918 1181 1925 .

147 1876 515 2055 prandiomkuouicis
537 1966 739 2049 ministrare
765 1966 824 2041 vel
848 1962 935 2062 quid
959 1957 1059 2037 aliud
1077 1952 1145 2029 sol-

150 2098 242 2173 vere,
265 2084 435 2156 volumus
459 2082 494 2156 ἅ
513 2083 660 2158 omnino
685 2085 896 2163 mandamus
918 2094 960 2155 ut
983 2078 1020 2151 in
1043 2072 1145 2180 distis

151 2196 292 2289 capitulis
310 2195 669 2295 disciplineabsentes
685 2199 758 2281 stne
783 2197 926 2277 licentia
946 2216 1072 2269 eorum
1101 2194 1147 2267 ani

151 2305 372 2413 quosspestat
391 2308 597 2407 hujusmodi
617 2312 798 2390 licentiam
826 2312 913 2385 dare
934 2306 970 2382 de
991 2306 1146 2382 maxime
1196 2320 1226 2352 ‘1

152 2418 363 2501 Drcanorom
391 2446 414 2500 a
443 2425 680 2532 proventibus
712 2424 971 2501 beneficiorum
998 2417 1147 2495 suorum

152 2559 207 2632 que
225 2538 258 2616 in
271 2537 417 2617 ecclesa
432 2538 595 2619 obtinent
608 2538 867 2638 suspendantur
881 2536 917 2613 da
933 2534 1017 2636 quia
1032 2533 1068 2609 in
1083 2529 1147 2606 ali·
1210 2541 1214 2549 '

152 2650 260 2747 quibus
275 2650 429 2729 ecclesiis
445 2653 609 2729 nonnulli
623 2653 880 2729 carronicorum
895 2647 1145 2746 pretendentes

152 2762 207 2845 sea
220 2770 309 2852 dicia
319 2769 549 2850 correbtione
566 2785 753 2869 exemptos
769 2764 988 2845 occasionem
999 2764 1147 2858 capiunt

154 2883 361 2984 delinquendi
377 2885 412 2962 tiz
432 2886 649 2964 obmittendi
665 2909 707 2963 ea
721 2886 854 2982 adque
869 2883 905 2958 in
922 2879 1073 2958 ecclesiis
1091 2876 1146 2952 fa·
1278 2918 1282 2931 .

153 3015 219 3073 cere
239 2987 467 3102 obligantur,
500 3003 668 3076 volumus
690 3005 731 3075 ut
754 3018 877 3075 omnes
897 2993 1058 3087 canonici
1082 3014 1145 3067 cu.

154 3103 324 3211 juscunque
340 3110 554 3188 conditionis
575 3111 724 3188 existant
738 3133 820 3186 cum
842 3128 970 3188 corum
989 3106 1144 3184 demeri-

155 3228 370 3330 taeregerint
390 3224 508 3300 debite
525 3221 708 3320 discipline
728 3220 948 3320 subdantur,
977 3228 1075 3320 quod
1094 3225 1144 3301 'de

155 3332 284 3413 Decanis
299 3337 436 3412 didlum
449 3335 498 3412 est
509 3333 606 3410 idem
619 3329 832 3413 subdecanis
844 3334 1053 3411 mandamus
1071 3359 1119 3434 qu
1137 3371 1141 3385 ’-

155 3439 193 3530 ad
202 3451 453 3530 correctionem
469 3449 503 3528 de
519 3447 738 3548 disciplinam
754 3447 975 3524 vicariorum
998 3447 1034 3523 da
1054 3452 1126 3524 alta

155 3563 319 3667 ristarum,
347 3563 375 3645 sr
399 3585 527 3650 eorum
555 3561 732 3644 corrediio
757 3563 804 3639 ad
821 3558 1039 3664 subdecanos
1059 3583 1143 3660 per·

157 3673 237 3756 tinet
