2984 5100
392 482 460 561 1⁴4
710 454 975 580 m

342 652 398 731 bis
410 650 544 731 allidue
562 646 797 751 dolenterque
805 651 1019 730 mirantibus
1033 664 1122 750 quot
1134 654 1286 737 niumm
1294 667 1365 761 lam

184 815 187 823 ,
274 850 281 862 x
339 764 418 844 fere
440 764 693 867 insanabilibus
715 765 853 843 morbis
875 768 946 843 hoc
960 766 1065 842 finale
1078 772 1219 869 generis
1233 773 1366 851 bana·
1388 719 1396 834 ‘i

340 886 381 962 ni
399 883 537 963 senium
550 898 732 961 atteramr
751 884 941 987 indulgens
950 882 1084 985 jugiter
1105 889 1222 963 noxiis
1236 912 1284 966 ac
1302 892 1367 965 dif-

256 996 261 1013 “
339 995 424 1074 fufis
442 998 691 1078 uehementius
710 996 869 1093 undique
896 994 1089 1075 sceleribus
1108 1004 1317 1097 proclivius
1334 1005 1367 1081 in

283 1201 285 1211 ,
338 1117 416 1193 dies
443 1115 489 1191 ad
511 1114 691 1190 deteriora
715 1114 958 1210 procumbens
983 1114 1134 1213 &prob
1161 1114 1273 1197 dolor
1296 1146 1367 1201 non
1394 1116 1395 1173 i

339 1234 509 1335 adjiciens
535 1248 577 1307 ut
598 1229 765 1335 resurgat
789 1231 933 1332 copiosa
964 1238 1116 1312 materia
1145 1241 1368 1339 gemitus&
1394 1205 1395 1296 i

339 1355 494 1437 meroris
513 1350 695 1447 incubuit,
722 1376 805 1459 cum
820 1354 899 1432 sere
923 1379 1014 1459 grex
1027 1359 1218 1438 universus
1237 1365 1366 1441 videa·

340 1484 404 1545 tur
424 1466 693 1545 rationabilium
709 1468 871 1546 omnium
879 1466 1048 1545 habitum
1066 1470 1199 1551 exuisse
1214 1476 1366 1555 misera·
1394 1507 1395 1510 ¹

339 1580 462 1665 biliter
482 1604 613 1681 nempe
635 1584 755 1668 lacera
775 1581 931 1682 jodlatur
947 1584 1151 1662 humanitas
1180 1588 1281 1687 inter
1301 1596 1365 1668 flu.
1394 1649 1395 1694 p

339 1690 480 1808 &nosos
496 1694 745 1771 inundantium
770 1692 944 1771 scelerum
968 1698 1192 1793 tempestates
1209 1700 1242 1775 d
1262 1706 1364 1781 vasto

339 1813 550 1893 dehiscentis
574 1812 682 1891 inferi
711 1815 859 1917 gurgite
900 1814 1091 1919 nausiaga
1114 1820 1363 1912 plurimorum
1393 1833 1395 1928 l

234 1955 240 1973 ⁸
337 1933 549 2015 mortalium
572 1930 681 2007 turba
703 1932 801 2029 perit
817 1930 973 2009 virtutes
988 1932 1088 2007 viciis
1105 1938 1277 2033 precipiti
1288 1944 1364 2018 rui.

339 2078 388 2133 na
412 2045 696 2127 succumbunt&
715 2064 845 2125 natura
866 2048 961 2123 bona
975 2049 1110 2123 malitia
1135 2052 1363 2133 deformante

338 2163 490 2267 peccati,
515 2182 599 2236 rara
618 2157 777 2258 superest
795 2160 1009 2241 meritorum
1031 2164 1106 2259 lpcs
1121 2167 1167 2237 ad
1186 2168 1358 2251 decorem

338 2274 475 2355 namin
495 2268 667 2347 membris
686 2268 898 2348 sensualium
924 2272 1110 2355 hominum
1127 2278 1361 2366 irrationabi-

226 2450 233 2478 χ
335 2394 427 2471 lium
461 2383 827 2485 concupiscentiarum
858 2390 1119 2488 triumphante,
1137 2398 1277 2474 malitia
1307 2401 1360 2476 so·

336 2506 415 2585 luta
436 2500 516 2580 sunt
531 2500 634 2578 frena
657 2500 800 2577 licentia
817 2524 885 2600 per
908 2527 978 2602 que
1000 2505 1156 2604 abrupta
1176 2516 1359 2595 nralorum

337 2619 376 2697 de
397 2617 553 2714 abrupta
571 2614 749 2690 vitiorum·
765 2617 812 2691 ad
836 2615 1148 2696 consummationis
1169 2623 1357 2708 interimus

337 2735 461 2818 liberis
491 2735 685 2812 trabuntur
717 2734 1205 2817 excu1s1busdes1deriorum
1232 2772 1358 2828 carna·

337 2858 428 2935 lium
447 2851 667 2947 voluptates,
691 2849 881 2930 inmundo
902 2855 1021 2952 itaque
1040 2850 1088 2928 sol
1105 2855 1236 2954 justitie
1254 2865 1356 2941 ride·

269 2971 282 2994 “
339 2985 401 3052 tur
424 2972 625 3049 incutientis
651 2972 855 3070 crepusculi
881 2974 1066 3074 vesperam
1095 2975 1258 3058 occidisse
1285 2981 1358 3079 jam

316 3109 429 3186 'pene
452 3084 598 3183 prorsus
614 3085 790 3168 obdnclus
809 3087 912 3166 densa
934 3089 1038 3165 nimis
1057 3090 1210 3190 caligine
1228 3117 1356 3190 pecca·

338 3215 462 3278 torum
484 3197 543 3274 sed
562 3197 657 3274 inter
676 3199 745 3274 bec
769 3222 833 3278 cor
852 3199 1011 3275 nostrum
1036 3205 1143 3296 quod·
1161 3210 1357 3306 multiplex
1393 3304 1394 3317 Ν

337 3315 538 3420 languentis
560 3313 686 3411 pupuli
701 3315 911 3419 corruptela
926 3316 1120 3394 conturbat
1136 3330 1357 3405 nonmedio-

336 3432 447 3516 criter
476 3429 645 3504 vulnerat
675 3428 810 3505 doloris
843 3427 1019 3506 acerbitas
1052 3437 1149 3530 quod
1170 3435 1261 3514 ficut
1287 3444 1357 3524 lide

336 3545 446 3648 digna
467 3540 707 3638 plurimomm
732 3538 905 3616 relatione
923 3530 1150 3642 percepimus
1163 3549 1211 3656 in
1223 3556 1357 3647 pleris-
1392 3630 1393 3641 l

335 3683 406 3760 que
426 3655 589 3757 partibus
612 3654 808 3731 Almannie
827 3653 864 3730 in
888 3677 959 3753 qua
983 3658 1154 3738 basianus
1169 3663 1356 3760 permaxi·⁴

209 3764 216 3788 ⁸
333 3799 393 3854 me
409 3771 527 3875 viguit
546 3765 737 3848 devotio&
754 3769 896 3848 divinus
910 3775 1026 3851 cultus
1041 3766 1355 3881 percrepnntplu.
1392 3780 1393 3823 l

333 3891 431 3968 rium
463 3885 832 3984 Metropolitanamm
847 3884 882 3960 dt
900 3887 1053 3966 aliarum
1083 3895 1355 3978 Catbedralinm
1392 3972 1393 4005 p

315 4001 382 4114 ..ac'
395 4007 502 4082 etiam
519 4003 801 4105 collegiatarum
819 4018 921 4080 extra
935 4021 1033 4089 tuam
1050 4012 1267 4112 legationen]
1279 4021 1353 4096 exi.

325 4120 499 4208 'siendum
534 4115 761 4226 ecclesiarum
785 4119 930 4199 illarum
950 4123 1138 4227 presertim
1162 4131 1352 4228 inquibus

743 4242 746 4247 ’
951 4247 953 4253 ’
985 4237 997 4245 ”
1061 4263 1087 4288 ·’
1163 4254 1302 4331 nobiles
