2984 5100
390 452 457 551 roo
699 464 1089 534 m

290 724 299 731 ¹-
337 654 436 746 taxat
452 663 558 745 certis
578 654 705 738 diebus
720 651 867 746 anniin
884 654 1037 736 ecclefiis
1060 654 1131 735 suis
1151 680 1362 759 comparue-

338 778 412 855 rint
435 776 577 875 penitus
591 766 753 847 tollimus
772 766 1009 846 &abolemus
1025 770 1219 846 statuentes
1235 786 1277 845 ut
1298 772 1363 846 hu·

337 886 493 993 jusmodi
515 883 676 963 redditus
703 883 847 983 integre
874 881 1011 959 nemini
1034 882 1285 964 ministrentur
1301 883 1364 963 nist

319 1004 460 1084 saltem
475 1024 543 1105 per
553 1022 687 1077 novem
705 995 878 1075 menses
867 1023 906 1076 ιιι
920 996 1067 1076 ecclefia
1083 997 1146 1075 sua
1162 998 1283 1076 eidern
1305 1003 1365 1077 de·

236 1162 242 1169 ·
336 1118 413 1196 bite
426 1114 718 1217 proutconvenit
734 1111 971 1190 deserviendo
988 1112 1186 1209 resederit,
1210 1112 1364 1192 residens

339 1238 496 1317 autema
511 1230 641 1308 tribus
666 1231 846 1308 menfibus
869 1230 979 1333 supra
998 1256 1073 1333 quo
1088 1212 1364 1366 rataltemporis

263 1387 266 1401 ι
339 1376 409 1453 qua
431 1345 607 1431 resederit
621 1346 664 1425 de
675 1347 854 1446 predidlis
875 1351 1129 1427 emolumentis
1147 1351 1370 1431 conuenien.

337 1490 411 1548 tem
431 1466 609 1565 percipiat
624 1466 832 1563 portion-em
854 1464 881 1541 st
904 1486 997 1543 vero
1019 1464 1115 1543 infra
1128 1481 1206 1545 tres
1226 1465 1362 1545 menses

337 1580 478 1665 t'aotmn
502 1582 656 1661 reddeat
677 1584 788 1661 nichil
808 1582 915 1680 pollit
945 1586 1137 1681 percipere
1162 1585 1364 1678 inhibentes

341 1700 502 1804 exprelle
529 1702 694 1799 capitulis
724 1699 919 1779 cellerariis
945 1702 1239 1779 distributoribus
1269 1705 1365 1779 aliis.

341 1839 419 1934 true¹
429 1816 591 1900 officiatis
616 1818 845 1895 ecclesiarum
869 1840 915 1895 ne
941 1818 1031 1919 quid
1056 1820 1138 1917 plus
1165 1812 1281 1917 ‚quun
1302 1842 1367 1918 per

339 1942 434 2020 hane
452 1938 607 2012 nostram
627 1934 918 2013 constitutionem
941 1935 1153 2013 conceditur
1172 1938 1217 2012 de
1244 1940 1365 2035 predi·
1395 1987 1396 1994 κ

98 2148 99 2155 Ν
341 2056 408 2131 dlis
433 2050 613 2131 frudlibus
631 2048 741 2129 alicui
761 2048 963 2127 ministrare
979 2048 1190 2147 presumant
1204 2055 1365 2159 alioquin
1395 2043 1396 2080 ¹

98 2190 99 2197 ‘
209 2192 212 2199 ’
340 2172 387 2250 ad
403 2184 544 2247 tanturn
561 2168 726 2247 debitum
743 2164 891 2246 ecclesie
913 2169 1175 2251 restituendum
1195 2179 1367 2314 volumus

341 2284 617 2401 elleobligatos.
1395 2379 1396 2384 Ν

393 2546 398 2560 .
444 2479 494 2556 Ut
518 2478 677 2556 aecanos
703 2477 853 2574 corrigat
875 2488 1043 2566 canonicos
1071 2486 1110 2568 in
1136 2486 1215 2567 bita
1236 2489 1278 2570 ὃ
1395 2453 1396 2502 Ν

522 2618 527 2627 ·
578 2598 581 2605 ’
630 2619 634 2626 ·
668 2598 816 2686 moribus
840 2605 1028 2704 culpabiles.
1146 2651 1149 2658 ·

433 2757 555 2846 XXV.
582 2763 634 2842 Ut
647 2763 868 2868 negligentie
885 2768 922 2844 dc
940 2766 1097 2846 excell‘us
1114 2771 1286 2871 impuniti
1296 2799 1368 2854 non
1394 2750 1395 2823 l

340 2891 548 2965 remaneant
568 2879 757 2979 inmalum
774 2882 934 2964 aliorum
949 2890 1157 2985 exemplum
1175 2890 1214 2966 in
1229 2893 1368 2968 virmte
1394 2888 1395 2967 ζ

340 2996 458 3072 lindie
474 2991 677 3070 obedientie
696 2995 729 3070 o
745 3013 841 3091 pena
855 2993 1089 3095 su'spenfiouis
1104 3023 1128 3075 a
1142 3002 1275 3078 divinis
1292 3004 1371 3080 offi—

338 3112 401 3188 uiis
429 3109 581 3187 Decanis
605 3111 768 3184 omnium
791 3113 1023 3192 ecclesrarum
1050 3112 1113 3189 seu
1139 3139 1269 3194 eorum
1291 3124 1370 3198 loca

338 3219 544 3295 tenentibus
571 3215 727 3294 distribie
758 3221 969 3298 mandamus
999 3240 1041 3298 ut
1075 3227 1239 3323 qualibet
1264 3233 1376 3328 quin·

338 3329 431 3414 dena
463 3328 704 3414 infallibiliter
732 3339 933 3435 capitulum
969 3343 1154 3423 celebrent
1183 3347 1369 3449 discipline
1394 3366 1395 3419 l

333 3458 374 3532 in
390 3475 462 3550 quo
481 3470 554 3528 tam
570 3453 614 3527 de
629 3451 707 3527 vita
722 3451 936 3534 &moribus
953 3459 1212 3538 canonicorum
1233 3465 1371 3542 &alio-

274 3595 278 3600 ·
336 3594 419 3671 rum
451 3568 750 3646 beneficiatorum
779 3594 886 3666 quam
912 3578 956 3650 de
980 3576 1084 3652 chori
1105 3576 1142 3652 dc
1158 3579 1371 3662 diuinorum

338 3682 540 3788 officiorum
558 3681 782 3782 negligentia
797 3681 831 3757 dr
844 3685 924 3762 aliis
947 3679 1156 3764 defectibus
1175 3687 1370 3794 diligenter

128 3804 138 3875 l
200 3837 205 3852 ·
337 3799 563 3898 inquiratur,
580 3799 617 3874 'is
636 3823 727 3908 pero
743 3801 788 3878 de
807 3803 987 3881 canonicis
1004 3807 1077 3888 vel,
1090 3808 1170 3885 aliis
1192 3811 1231 3885 in
1255 3817 1371 3892 eccle-

199 3909 202 3919 ’
335 3917 385 3992 lia
407 3913 624 3992 beneficiatis
651 3941 760 4014 quem
784 3917 949 3997 Decanus
977 3925 1037 3998 vel
1067 3922 1145 4021 ejus
1168 3927 1289 4004 lo'cum
1317 3947 1370 4006 te·

336 4055 422 4108 nens
447 4037 555 4128 luper
576 4031 698 4128 aliquo
728 4031 902 4111 excelsu
891 4036 1096 4131 snspeciem
1128 4061 1202 4115 non
1228 4056 1394 4129 tantum

332 4153 401 4256 p'er
417 4149 556 4304 aliquos
575 4147 757 4226 Diaconos
773 4147 835 4224 sed
853 4173 923 4250 per
939 4165 1058 4230 totum
1080 4157 1285 4288 capitulum
1310 4161 1372 4236 vel

1203 4276 1325 4378 majo
