2984 5100
181 434 254 578 ,’
353 473 522 563 aaa,
684 468 1197 531 m·

200 694 242 732 ι,
397 654 603 735 canonicos
621 656 857 755 veroprimae
873 657 1022 758 gnatia,
1048 628 1235 755 qfiivaria
1253 680 1349 758 gaa-

144 876 150 885 ¹
301 778 450 855 vamina
465 798 538 853 non
563 772 797 868 sustinerent,
825 768 1049 860 censuerunt
1066 798 1195 851 omnes
1214 774 1348 871 requi-

297 896 432 973 rendus
466 888 621 967 Concilii
650 889 872 967 authoritate
896 892 933 991 in
968 890 1045 967 vim
1073 888 1277 987 juramenti
1313 890 1347 965 di

240 1020 259 1058 '¹
298 1012 415 1093 unuae
439 1008 683 1109 Apostolicae‚
705 1007 752 1084 'ut
772 1009 889 1085 statim
905 1024 970 1084 aut
987 1011 1160 1113 docerent
1183 1008 1253 1105 ipfi
1278 1028 1346 1087 aut

301 1128 470 1203 docentes
485 1122 575 1197 alius
593 1140 663 1218 pru
689 1117 725 1193 se
742 1123 946 1197 conducant
966 1119 1031 1197 sub
1055 1144 1164 1219 poena
1191 1122 1346 1220 suspen·

300 1234 408 1317 nonis
428 1229 647 1309 astuctibus
681 1229 869 1335 beneficii,
894 1231 980 1307 licet
998 1233 1095 1307 enim
1120 1234 1344 1313 beneficium

299 1370 374 1426 uon
388 1348 584 1442 amittant,
607 1343 671 1421 nisi
689 1345 752 1421 ubi
774 1344 1064 1443 aproviidribus
1088 1349 1257 1445 requiiiti
1277 1376 1342 1427 ne·

297 1459 481 1563 glexerint
497 1455 706 1555 persolvere
722 1480 876 1552 munus,
899 1456 1043 1555 paffunt
1058 1476 1180 1536 tamen
1196 1480 1241 1537 ut
1257 1486 1341 1540 mu-

297 1579 379 1657 neri
398 1574 617 1654 satisfaciant
642 1573 708 1652 sub
731 1571 962 1675 suspensionis
991 1578 1054 1653 vel
1075 1579 1147 1655 alia
1169 1585 1343 1679 qualibet
1389 1586 1390 1599 '

302 1719 411 1799 poena
424 1719 449 1775 a
461 1686 597 1799 sy'nudo
611 1696 765 1796 requiri.

132 1974 144 1993 ,
343 1890 537 1993 Quibus
560 1889 650 1967 adis
668 1890 830 1966 recitatae
853 1882 935 1966 sunt
955 1886 1115 1969 censurae
1139 1915 1228 1993 quas
1255 1896 1391 1977 Do

297 2007 603 2088 miniaCancilio
626 2008 673 2084 ad
694 2002 814 2083 catnsas
840 2002 1039 2089 &libellus
1064 2002 1244 2107 supplices
1272 2014 1338 2171 de-

132 2204 137 2214 .
297 2122 643 2211 inundaverant

392 2320 507 2401 Rmiu
526 2344 619 2399 veru
634 2321 738 2401 unus
761 2318 1033 2405 difficultatibus
1055 2318 1203 2405 sublatis
1225 2328 1334 2406 addi'·

303 2424 606 2535 taque'ienten'tia
620 2438 704 2536 sua,
729 2442 796 2519 ubi
819 2465 862 2519 ea
881 2432 1172 2541 definiebatur,
1201 2446 1330 2543 perse.

296 2575 398 2638 cerat
413 2557 587 2669 adversus
603 2561 736 2641 abusus
759 2561 797 2638 dc
819 2565 910 2642 vitia
923 2567 981 2638 'ad
1006 2561 1132 2662 synodi
1151 2565 1331 2664 judicium

245 2760 251 2775 ,
282 2681 439 2779 uelata,
467 2682 517 2756 ad
533 2679 691 2784 singulas
717 2703 809 2760 veru
843 2677 1007 2760 censuras
1034 2685 1157 2784 rogati
1179 2681 1261 2762 sunt
1287 2687 1328 2764 dc

229 2823 233 2830 ·
293 2795 423 2873 dixere
446 2791 636 2874 sententias
662 2796 741 2874 suas
765 2793 958 2898 Legati&
987 2795 1109 2872 Patres
1135 2797 1328 2880 dioecesani

294 2912 399 3014 iuxta
419 2939 508 3013 quas
537 2918 662 3029 datum
685 2913 736 2992 est
757 2912 906 2990 deletiis
927 2915 1012 2990 Rmi
1038 2914 1112 2990 Dtii
1132 2919 1325 3018 negotium

287 3031 539 3113 conscribendi
558 3038 704 3111 decreta
734 3055 814 3130 quae
832 3033 984 3116 decretis
1007 3030 1255 3132 superioribus
1279 3041 1326 3120 de

297 3153 435 3232 Mediie
457 3155 527 3230 illis
550 3151 820 3252 adjicerentur,
848 3149 1076 3250 dimissusque
1095 3152 1145 3228 est
1158 3175 1325 3233 conven-

291 3285 350 3352 tus
368 3273 402 3349 uz
420 3271 498 3369 justi
512 3269 594 3348 sunt
608 3273 729 3346 omnes
752 3289 966 3366 comparere
985 3269 1188 3347 adsacrum
1207 3269 1326 3352 solen-

286 3410 335 3465 ne
359 3387 560 3463 Dominicae
576 3388 712 3478 Μηνὶ
732 3381 942 3479 ffierusalem
961 3383 995 3460 dt
1012 3387 1070 3462 die
1086 3387 1182 3463 lunae
1198 3391 1324 3470 redire

134 3553 139 3560 -
284 3505 337 3584 ad
352 3500 778 3586 sacrunt'matutinumdt
799 3496 961 3580 sefflones
979 3501 1176 3582 consuetas.

388 3696 526 3775 Ultitna
546 3696 676 3776 Martii
697 3715 771 3770 non
795 3691 1000 3778 habebatur
1021 3691 1121 3774 sufflo
1149 3694 1198 3774 ob
1221 3695 1322 3778 diem

289 3813 524 3903 noninican
540 3817 677 3956 Laetare
693 3805 912 3907 ffletttsalcnt
