2984 5100
258 516 328 595 392
594 478 863 539 m

210 691 273 764 das
295 671 614 787 gratiasecundae
636 666 844 759 haberent,
879 657 1115 762 proposuisse

209 805 332 895 tium,
365 799 428 899 qui
443 776 665 909 gravamina
682 788 857 883 pleraque
882 778 1157 875 obtendissent,
1181 779 1273 859 atui·

184 944 282 1020 ,que
303 894 466 1016 primum
502 910 673 1007 Capitulo
696 901 1023 1000 Metropolitano,
1065 921 1147 976 curn
1168 892 1261 995 qula

204 1030 390 1115 haberent
409 1029 598 1130 negotium
613 1024 707 1101 istud
724 1039 941 1112 commuue,
976 1003 1273 1113 exposuissetis

207 1154 469 1248 consiliumque
484 1144 714 1244 petivissent,
750 1140 847 1236 quod
862 1155 986 1225 tamen
1008 1136 1214 1211 nondumac

209 1267 402 1368 cepissent,
432 1265 526 1341 hanc
545 1257 688 1338 causam
715 1250 803 1346 esse,
829 1274 943 1350 quare
963 1258 1041 1328 non
1059 1249 1217 1348 potuerint

175 1444 184 1461 .
210 1390 259 1468 ad
275 1383 415 1467 ,dissum
435 1384 484 1455 eis
506 1396 648 1473 tempos
670 1393 883 1468 comparere
908 1386 1023 1468 atque
1043 1365 1216 1466 »responde
1238 1369 1273 1423 ll

134 1504 142 1521 “
208 1529 282 1597 re,
307 1518 345 1577 at
367 1493 696 1576 Reuerendisstmus
717 1505 759 1566 ut
774 1503 1038 1579 maturarent,
1077 1508 1145 1561 nec
1164 1485 1218 1559 lor·
1240 1457 1273 1535 s?

209 1622 294 1720 gius
315 1617 488 1715 synodum
508 1611 786 1709 suspenderent,
810 1605 905 1703 jussit
925 1606 1164 1695 renuntiare,
1184 1600 1219 1676 ds
1243 1580 1273 1648 ²¹

209 1730 314 1812 misso
344 1732 465 1825 itaque
493 1741 673 1804 corruente
712 1738 855 1818 tempus
881 1720 1222 1818 pomeridianumut
1245 1706 1273 1813 s}

209 1848 331 1950 pridie
350 1849 475 1924 datum
495 1844 544 1921 est
564 1840 732 1921 Dominis
749 1837 896 1918 deleslis
915 1839 963 1915 ad
982 1834 1123 1916 causas.
1248 1814 1273 1872 ῃ

371 2062 374 2069 ’
504 2081 604 2186 Seffw
626 2072 770 2163 Decima
795 2082 917 2161 Sexta.

316 2280 501 2385 Vigesrma
523 2301 618 2356 nona
634 2255 935 2374 Martiisperaslis
950 2272 1101 2352 Divinis
1123 2274 1228 2353 dela·
1269 2287 1273 2297 '

209 2397 328 2476 tribus
356 2405 400 2474 de
421 2424 523 2476 more
546 2397 748 2475 sedentibus
771 2398 868 2476 Rmd
895 2394 977 2473 Dos
1001 2390 1228 2473 submonente

209 2511 444 2591 Prouincialis
475 2512 756 2590 carmelitarum
776 2513 954 2588 allocutus
986 2510 1039 2587 est
1057 2511 1177 2588 Patres
1197 2511 1230 2588 in

206 2631 303 2708 hanc
325 2625 557 2719 sententiam,
580 2629 715 2705 Rmsrm
739 2626 861 2706 Dniim
881 2627 1003 2702 Archi
1022 2625 1231 2725 Episcopum

205 2746 370 2845 primum
390 2742 611 2842 proposuisse
634 2745 799 2822 Patribus
816 2743 949 2838 media,
975 2747 1109 2843 quibus
1127 2745 1230 2821 ades·
1260 2773 1265 2850 ξ

204 2864 353 2943 licacem
377 2864 412 2938 d.
434 2867 644 2941 duraturam
663 2865 932 2956 reformationis
951 2864 1230 2960 exequutionem

205 2982 489 3066 constituendam
506 2981 694 3059 videretur
719 2983 920 3061 Concilium
934 2978 1034 3077 posse
1049 2982 1231 3081 pertinge·

205 3112 271 3186 re,
301 3114 478 3188 quaecum
505 3092 666 3170 Concilio
694 3088 955 3192 placuissent&
976 3089 1059 3166 ideo
1083 3089 1133 3166 eis
1160 3088 1232 3166 sor·

206 3214 347 3291 mandis
370 3236 411 3286 nn
427 3213 603 3313 poliendis
627 3207 793 3294 diuissent
813 3214 892 3294 suas
920 3212 1075 3314 quisque
1098 3208 1232 3288 senten·

205 3332 275 3407 tias
297 3333 420 3405 libera
441 3385 450 3422 ,
474 3329 619 3435 jussisset
635 3334 934 3429 eas„conciliare,
958 3345 999 3405 ut
1020 3328 1088 3405 ubi
1104 3326 1231 3406 discor·

207 3444 267 3520 dia
290 3445 394 3540 esset,
422 3442 496 3530 eius
512 3449 731 3527 retineretur
751 3447 940 3543 sententia,
965 3446 1027 3546 qui
1045 3443 1144 3523 visus
1158 3460 1232 3522 erat

206 3562 341 3642 reslius
366 3563 515 3659 duxisse,
564 3564 671 3664 quarn
697 3569 982 3646 conciliationem
1011 3586 1160 3662 quoque
1183 3566 1230 3644 eis
1268 3607 1270 3614 ·

207 3677 446 3782 propoiinlset
461 3682 670 3762 censendam
693 3711 736 3763 ac
751 3690 894 3763 tandem
913 3684 1056 3783 placitis
1074 3684 1231 3772 omnium

206 3799 362 3890 accersis
396 3797 570 3877 conscribi
597 3825 638 3879 ac
656 3803 795 3898 concipi
812 3806 956 3878 decreta
981 3796 1065 3896 ipsis
1083 3801 1132 3875 ad
1147 3797 1229 3875 deli·

206 3907 406 3986 berundum
429 3912 741 4012 propositamque
764 3911 965 4009 inscriptis
986 3912 1229 3989 communica·

124 4059 129 4072 ·
207 4038 265 4113 ta,
290 4050 384 4103 nurrc
399 4022 757 4125 expeslaret‘eorum
776 4030 883 4132 super
897 4034 970 4110 illis
983 4032 1134 4131 judicia,
1153 4052 1228 4127 qua

205 4155 374 4244 peteret,
409 4162 456 4260 ut¹
470 4146 658 4243 affeslibus
682 4153 840 4253 sepositis
865 4154 988 4233 Deum
1012 4151 1050 4228 dr
1066 4148 1229 4227 Ecclesia

1092 4263 1186 4344 salu·
