2984 5100
310 415 522 544 472·
716 439 983 505 &mvsa

332 635 460 744 preliis
474 633 649 712 habentes
670 632 741 711 illis
764 634 852 712 alias
867 635 904 713 in
920 633 984 711 suo
1000 627 1136 722 robore
1151 631 1374 729 permansu.

336 758 388 836 ris
404 758 473 832 hac
493 754 575 828 vice
592 752 767 828 duntaxat
788 750 989 848 plenissmre
1002 749 1036 824 δι
1051 747 1214 826 latimme
1228 773 1271 826 ae
1285 753 1378 852 spe.

333 866 477 946 cialiter
496 863 529 937 o
547 858 708 959 eupreli'e
725 862 943 964 derogamus
960 862 1012 938 ita
1032 862 1131 955 quod
1147 859 1202 935 illi
1221 884 1269 936 ex
1286 863 1377 939 sex-

335 977 453 1056 decim
486 969 830 1050 Canonieatibusdz
864 968 1070 1072 praebendis
1103 971 1245 1068 quiex
1272 996 1376 1053 nune

334 1088 573 1192 suppreffioni
589 1085 625 1163 o
643 1086 857 1165 exunalioni
881 1085 1090 1184 hujusmodi
1106 1102 1149 1164 ut
1165 1085 1376 1185 prefertur

331 1211 457 1294 offelli
475 1205 801 1306 comperiuntur&
816 1205 999 1304 inquibus
1018 1203 1165 1284 illorum
1186 1227 1260 1302 pro
1278 1221 1376 1285 tem·

334 1353 426 1434 pore
457 1339 670 1402 occurrente
699 1324 890 1400 rodanone
904 1319 1158 1421 suppreffionis
1184 1321 1220 1397 dt
1250 1328 1376 1403 extin-

336 1442 465 1522 diionis
484 1435 745 1538 praeditiarum
762 1435 932 1514 effectum
947 1453 1034 1512 tunc
1052 1436 1190 1540 negligi
1202 1443 1377 1546 contige.

334 1563 385 1642 rit
407 1558 536 1638 nostrae
557 1555 735 1654 didiaeque
751 1553 841 1633 sedis
865 1553 1084 1652 disposttioni
1106 1555 1288 1635 resanati
1313 1583 1376 1637 re·

331 1685 502 1753 maneant
515 1667 567 1746 ita
577 1684 619 1744 ut
633 1669 678 1745 de
692 1668 763 1745 illis
780 1687 848 1767 per
863 1663 985 1744 sedem
1000 1666 1211 1766 praeditlam
1219 1685 1375 1754 tantum

334 1789 476 1891 disponi
495 1787 649 1888 poffitdr
669 1783 715 1862 ab
735 1789 860 1864 eadem
875 1783 961 1864 sede
975 1808 1045 1884 pro
1063 1807 1106 1864 ea
1122 1790 1202 1865 viee
1225 1806 1376 1874 tantum

338 1908 458 1986 libere
472 1903 665 2003 impetrari
683 1901 866 2002 queant&
884 1903 1072 2002 quidquid
1087 1927 1214 1984 eorum
1231 1935 1309 2010 quo
1329 1928 1378 2003 ad

101 1996 104 2074 l
235 2093 240 2112 Ι
333 2019 578 2125 posteriorem
600 2018 827 2092 voluntatem
858 2017 1017 2094 nost-ram
1036 2017 1246 2120 hujusmodi
1265 2030 1376 2129 secus

334 2137 445 2238 firper
460 2137 515 2211 his
530 2157 553 2212 a
567 2157 750 2234 quoquam
759 2134 890 2233 quavis
906 2136 1124 2215 aodtomtate
1138 2140 1295 2227 scienter
1310 2159 1375 2238 vel

335 2258 549 2358 ignoranter
571 2249 765 2350 contigerit
778 2251 953 2326 attentari
963 2251 1110 2330 irritum
1139 2280 1288 2359 quoque
1307 2272 1375 2347 de.

256 2371 259 2376 ’
332 2371 515 2450 cemimus
543 2366 716 2444 &inane
768 2367 873 2444 Nulli
887 2392 977 2473 ergo
998 2373 1146 2451 omnino
1174 2379 1373 2470 homiuum

333 2487 442 2567 liceat
461 2483 558 2559 hano
583 2480 755 2616 paginam
776 2481 906 2558 nostrae
939 2481 1172 2569 absolutionis
1198 2504 1373 2584 annulla-

335 2602 442 2683 tionis
458 2596 936 2677 revocationisavocationis
953 2600 1182 2685 eminmionis
1197 2609 1373 2714 suppres-

335 2721 441 2803 sionis
470 2716 722 2819 applicationis
769 2737 1077 2819 approprlatloms
1115 2726 1374 2848 iustitutionis

335 2836 501 2917 mandati
519 2836 752 2935 injunffionis
779 2836 969 2916 licentiae
955 2842 1210 2937 impartitionis
1234 2858 1373 2939 volun.

115 2986 118 2995 ‚
220 2956 225 2986 l
333 2952 417 3029 tatis
441 2948 684 3056 derogatio-nis
704 2950 891 3030 &decreti
913 2951 1113 3056 iniringere
1137 2962 1251 3037 vei'
1219 2986 1253 3039 er
1276 2970 1397 3054 ausu

335 3071 532 3149 temerario
559 3070 765 3164 contraire,
796 3070 822 3146 st
855 3068 933 3168 quis
953 3086 1076 3149 autem
1098 3074 1170 3153 hoc
1185 3096 1370 3171 attentare

335 3180 606 3287 praesumpserit
626 3184 910 3284 indignationem
939 3185 1206 3315 omnipotentis
1230 3194 1304 3272 Dei
1326 3224 1372 3280 ac

336 3299 529 3375 beatorum
552 3294 652 3370 Petri
673 3294 710 3369 de
735 3294 843 3371 Pauli
861 3296 1181 3393 Apostolorum
1148 3327 1224 3401 epus
1246 3302 1282 3382 se
1302 3334 1369 3384 no-

224 3398 233 3407 ’
337 3412 435 3489 verit
464 3406 705 3485 incursurum
761 3410 899 3487 Datum
934 3412 1046 3487 Romae
1075 3418 1183 3513 apud
1196 3415 1307 3496 Saudl
1289 3421 1369 3499 lam

249 3574 260 3590 ·
333 3529 491 3608 Mariano
520 3526 705 3626 Majorem
737 3529 892 3605 Anno
881 3534 1134 3609 nrcarnationIs
1162 3538 1368 3617 Dominicae

333 3644 522 3725 millefimo
543 3636 855 3746 septingentefimo
872 3647 980 3723 tertio
999 3650 1140 3724 decimo
1157 3654 1276 3749 pridie
1294 3676 1368 3729 uon

339 3758 545 3859 Septembt.
563 3755 792 3839 pontificatus
807 3760 918 3838 nostri
931 3762 1042 3843 Anno
1055 3766 1167 3843 tertio
1187 3768 1342 3845 decimo.
