2984 5100
383 420 434 537 '94
634 386 668 531 ,l'
711 430 984 510 um
1197 396 1217 423 “’
1263 486 1270 493 .
1314 382 1318 424 ¹
1355 441 1386 526 4

364 628 513 711 vlt
541 603 701 735 nomas
727 629 945 733 βιινάιιιιιι
972 654 1040 714 ιιι
1061 632 1200 735 Ιβῶσιί
1227 619 1370 739 ιβ’

726 747 973 868 adinplendis

432 857 567 993 xvm
594 874 826 1021 Quoniam
792 932 839 989 ex
853 934 895 991 aa
911 914 1030 1016 quod
1018 939 1055 994 ιιι
1065 912 1268 1017 quibusque
1278 910 1356 993 Col

331 1020 477 1129 legittis
497 1020 652 1103 eccleliis
673 1046 747 1107 non
769 1023 820 1102 est
833 1022 1015 1112 sufficiens
1043 1052 1218 1108 numerus
1247 1026 1356 1106 sacar

187 1144 190 1153 ’
332 1138 511 1216 dotalium
529 1134 800 1241 prebendarum
822 1138 859 1216 dt
882 1138 1096 1220 habentium
1123 1142 1214 1219 alios
1242 1138 1354 1226 sacru

332 1259 479 1339 ordines
503 1276 671 1345 ‚annexos
706 1240 886 1355 potiisnne
913 1256 1121 1336 absentibus
1154 1254 1368 1359 hujusmodi·

332 1362 538 1469 prebendas
558 1362 804 1461 obtinentibus
821 1368 965 1445 divinus
986 1370 1104 1446 cultus
1117 1364 1357 1467 presertimiu

330 1478 578 1573 celebratione
591 1476 846 1560 summe'rnill‘e
861 1478 1045 1560 defectum
1060 1481 1242 1580 patiatur,
1275 1505 1356 1561 con·

330 1596 567 1701 querentibus
595 1598 704 1679 etiam
727 1598 910 1699 aliquibus
932 1600 1112 1677 cassanicis
1138 1599 1356 1697 presbitera-

250 1712 261 1810 ⁶„
328 1710 383 1793 les
406 1714 609 1813 prebendas
632 1714 853 1810 habentibus
872 1716 971 1815 quod
997 1717 1127 1792 nolunt
1149 1726 1265 1813 prout
1291 1736 1356 1793 nec

259 1902 264 1911 .
291 1911 294 1917 ,
329 1848 504 1914 tenentur
528 1834 732 1961 predictam
750 1833 891 1923 millam
912 1836 993 1913 loco
1017 1833 1218 1913 absentium
1233 1858 1319 1934 qur
1284 1834 1354 1912 ad

212 1954 220 1981 ²
328 1924 402 2027 noc'
416 1967 485 2045 pro
498 1942 613 2037 sua
576 1967 657 2021 vace
673 1958 821 2022 tenentu
809 1967 845 2021 rr
856 1946 1044 2023 celebrare
1060 1944 1245 2043 statuimus
1260 1945 1387 2044 quod

327 2074 374 2148 de
390 2078 511 2142 cetero
535 2064 575 2141 in
594 2060 762 2143 omnibus
776 2060 941 2143 ecclefiis
967 2065 1167 2171 collegiatis
1195 2064 1349 2142 civitatis

327 2182 366 2259 dt
383 2180 529 2259 diocelrs
549 2198 785 2283 preterquam
803 2184 839 2261 in
852 2182 975 2279 majori
987 2208 1036 2259 ιιι
1035 2185 1091 2286 ιβ
1077 2208 1113 2257 a
1128 2180 1353 2282 tbbnienfidt

327 2296 441 2375 sanus
461 2297 641 2375 Gereatis·
627 2324 668 2377 ιιι
685 2297 816 2407 qulbus
832 2296 1036 2399 specialiter
1052 2322 1099 2379 ex
1123 2296 1229 2377 causa
1247 2298 1349 2375 duxi-

209 2416 212 2421 ’
327 2434 409 2491 mus
418 2413 709 2511 prandendum,
734 2402 1234 2517 quartaparsprebendarurn
1247 2436 1386 2512 pres

207 2579 212 2588 ,
325 2526 491 2609 biteralis
514 2526 662 2628 existat,
692 2528 833 2629 relique
853 2555 944 2608 vero
967 2525 1181 2633 dyaconales
1204 2526 1242 2604 dc
1265 2523 1349 2604 sub

321 2641 529 2720 ¹diaconales
552 2637 649 2719 snit
638 2658 689 2721 tta
709 2645 807 2742 quod
821 2646 919 2722 ultra
939 2646 1017 2721 illas
1032 2642 1132 2742 srque
1150 2656 1248 2720 nunc
1270 2639 1386 2720 sunt

325 2761 581 2863 presbiterales
611 2761 799 2860 prebende
827 2765 948 2865 primo
970 2779 1145 2840 vacatura
1167 2761 1349 2860 usquead

218 2877 229 2892 '
326 2883 462 2961 dictam
482 2899 648 2984 quartam
676 2903 819 2986 partem
841 2885 1099 2987 presbiterales
1129 2882 1351 2978 efficiantur,

323 2994 490 3076 smriliter
502 2997 677 3074 medietas
694 2999 850 3075 aliarum
868 3001 965 3075 ultra
979 2999 1058 3074 illas
1072 3019 1143 3094 que
1159 3017 1257 3073 nunc
1271 2993 1350 3073 sunt
1385 3060 1386 3093 ,

229 3109 233 3126 ⁴
324 3107 528 3186 diaconales
545 3108 732 3206 exprimis
749 3110 932 3198 vacaturis
949 3111 1028 3206 post
1042 3109 1268 3204 completum
1283 3130 1349 3184 nu·

323 3251 468 3306 suerunt
485 3221 760 3306 lbcerdotalium
775 3229 968 3307 diaconalis
988 3228 1137 3330 existat,
1167 3225 1216 3305 fic
1239 3227 1349 3305 etiam

263 3407 266 3416 .
310 3341 499 3430 smedietas
519 3344 590 3418 alia
611 3345 708 3420 ultra
721 3345 800 3422 illas
814 3344 913 3443 lique
938 3365 1034 3420 nunc
1057 3331 1139 3419 'sunt
1159 3341 1347 3419 subdiaco-

253 3479 256 3486 ·
297 3536 299 3540 ,
321 3457 420 3544 nates
437 3459 516 3554 post
538 3460 760 3555 completum
783 3481 978 3536 numerum
998 3458 1240 3545 diaconaliutn
1263 3456 1348 3534 sub·

322 3573 523 3651 diuturnale-s
556 3571 758 3675 efficiatur,
811 3579 1041 3654 decernentes
1081 3577 1349 3672 quodammodo

321 3689 441 3776 nullus
461 3683 566 3783 polilt
579 3687 736 3787 prefatas
760 3689 963 3788 prebendas
986 3687 1123 3789 alitqui
1137 3687 1202 3766 nist
1222 3690 1351 3766 existat

217 3831 230 3910 χ
319 3803 359 3882 in
391 3801 540 3877 illarum
564 3801 751 3880 ordinibus
774 3818 839 3880 aut
857 3801 992 3895 ‘saltem
1021 3805 1060 3883 in
1091 3819 1186 3898 etate
1215 3802 1350 3900 inqua

320 3915 428 4020 polilt
449 3913 543 3995 infra
562 3919 723 4018 primurn
745 3935 889 4018 tempus
909 3920 1112 4024 legitimum
1131 3919 1351 4016 promoveri

320 4039 370 4115 ad
382 4035 461 4112 illos
478 4034 573 4114 infra
596 4039 693 4136 quod
707 4037 735 4116 st
748 4040 952 4142 neglexerit
976 4038 1191 4136 promoveri
1207 4059 1252 4119 eo
1266 4032 1350 4136 ipso

241 4179 246 4198 ¹
325 4156 534 4258 bajustnodi
550 4161 735 4262 prebenda
752 4165 923 4246 volumus
943 4161 1012 4245 effe
1030 4150 1287 4355 privatutg'g.IX

1181 4428 1195 4471 d
