2984 5100
308 646 535 787 bitorum&
549 690 585 773 in
598 690 765 771 futurum
783 676 1032 770 debendomm
1049 690 1207 793 provida
1221 686 1345 773 orma·

174 816 178 835 ⁸
316 812 402 897 tora
424 804 684 891 deliberatione
704 809 837 907 previa
852 804 990 889 fittnn
1016 810 1051 888 st
1073 812 1281 893 ordinatum
1303 838 1345 892 ac

314 918 424 1011 etiam
449 946 517 1025 per
545 922 743 1026 singulares
776 922 965 1003 canonicos
1001 927 1162 1023 ejusdem
1201 926 1345 1006 ecclesie

135 1079 140 1113 i
209 1027 210 1035 ‘
305 1036 568 1143 'capitulariter
579 1032 793 1134 juramentis
818 1055 888 1129 per
908 1058 969 1111 eos
1000 1036 1244 1133 corporaliter
1264 1062 1348 1134 prc-

309 1158 405 1239 'stitis
426 1154 612 1231 firmatum
629 1146 666 1223 in
683 1138 851 1224 omnibus
874 1144 945 1224 suis
966 1148 1109 1246 punsbs
1125 1139 1161 1222 tir
1180 1150 1349 1229 clausulis

315 1264 573 1373 &peremnia
595 1256 822 1359 presentibus
840 1260 1055 1339 bsuouamus
1075 1265 1288 1341 mandantes
1314 1264 1349 1341 ol

108 1376 111 1389 ¹
212 1376 219 1395 ⁸
316 1380 559 1489 precipientes
576 1374 709 1450 eisdem
735 1374 966 1466 canonicis&
987 1376 1148 1475 personis
1170 1376 1206 1452 in
1227 1378 1263 1451 tir
1288 1377 1350 1455 sub

246 1590 250 1596 .
315 1500 415 1583 disto
430 1498 562 1575 statuto
584 1485 849 1589 comprehensis
867 1515 977 1591 quam
994 1473 1057 1591 ipsi
1073 1511 1147 1572 tam
1161 1494 1350 1593 presentes
1391 1555 1392 1632 Ν

250 1636 256 1651 ’
316 1638 429 1720 quain
443 1608 562 1689 sutori
585 1606 830 1707 cujuscunque
850 1606 961 1685 status
979 1608 1121 1687 Gradus
1141 1606 1204 1685 seu
1227 1611 1355 1689 condi-
1391 1643 1393 1714 g

316 1741 427 1826 tionis
445 1734 596 1814 existant
609 1728 795 1829 pensiones
823 1726 871 1803 ab
894 1729 945 1805 eis
967 1730 1105 1807 debitas
1131 1729 1355 1809 intermittis
1392 1733 1393 1746 '

316 1864 358 1946 ln
372 1854 469 1937 uiuo
489 1852 620 1930 statuto
637 1838 807 1945 enpressis
824 1839 897 1923 sine
914 1840 1086 1925 dilatione
1106 1849 1355 1947 qualibetsol-
1393 1843 1394 1864 ³

270 1964 273 1969 ’
315 1986 411 2059 ‘vant
426 1962 585 2067 capitulo
603 1956 785 2048 antesistu
806 1960 842 2037 tit
860 1954 1172 2061 plenarie'curent
1193 1965 1277 2040 latis
1302 1968 1359 2048 fa·
1394 1975 1395 1984 ‘

319 2114 403 2174 cere
427 2089 471 2163 de
493 2082 628 2160 eisdem
652 2074 756 2176 juittu
776 2081 908 2159 modus·
935 2080 970 2155 o
993 2080 1129 2158 formas
1156 2077 1201 2159 in'
1217 2084 1358 2166 statuto
1395 2119 1396 2126 Ν

317 2208 397 2310 ipso
419 2200 561 2303 plenius
590 2198 740 2275 nuditas
774 2191 1235 2299 &eiiprelsas,‘alioquin
1267 2228 1360 2283 con.
1396 2247 1397 2276 ÷

247 2353 250 2362 ¹
319 2326 478 2407 tratium
492 2316 667 2397 facientes·
680 2317 741 2392 vel
760 2313 797 2391 in
821 2315 904 2426 hoc'
917 2319 1143 2419 negligentes
1166 2320 1267 2397 ultra
1290 2345 1361 2417 pe-

319 2468 384 2524 nas
406 2443 445 2518 in
467 2440 598 2515 statuto
612 2432 689 2532 ipso
705 2429 837 2532 postas
851 2437 899 2514 ab
919 2436 1037 2515 officio
1061 2437 1298 2517 &beneficio
1323 2444 1361 2521 tit

320 2565 368 2646 ab
387 2557 555 2666 *ingressu
571 2557 575 2588 ³
590 2557 734 2636 ecclesie
761 2558 833 2636 fint
863 2556 1017 2659 snspenfi
1041 2547 1133 2660 ¹qtio's
1164 2563 1200 2640 o
1224 2589 1361 2642 eorum

321 2677 523 2784 quemlibet
540 2671 713 2774 presentis
729 2674 851 2752 nostre
867 2677 1128 2756 constitutionis
1148 2683 1278 2758 tenore
1297 2680 1361 2758 su·

320 2799 528 2901 spendinius
545 2795 593 2870 ot
623 2791 672 2872 fic
702 2789 856 2892 suspensi
884 2809 961 2870 tam
992 2792 1054 2872 oin
1071 2791 1244 2874 -maneai'it
1283 2823 1360 2896 quo

208 2955 210 2962 ⁴
255 2999 258 3004 ,
318 2937 436 3012 usque
451 2909 599 2990 realiter
611 2901 784 2983 solvendo
807 2909 852 2985 de
866 2904 1043 3007 penfione'
1058 2909 1268 3009 hujusmodi
1293 2914 1360 2986 de-

321 3031 399 3108 bite
424 3021 585 3104 extiterit
608 2983 843 3097 satisbslum.
882 3020 1064 3099 -Pteteiea
1095 3023 1240 3099 officiati
1275 3027 1361 3122 qui-

233 3184 236 3188 ·
322 3147 466 3240 cunque
490 3134 585 3212 oiole
609 3131 754 3222 ecclesie
784 3134 905 3210 noilre
937 3157 1007 3232 pro
1035 3140 1362 3237 temporequibus

320 3252 425 3352 iuxta
438 3250 604 3326 tenorem
618 3243 706 3322 oiffl
724 3245 848 3323 statuti
872 3245 1051 3322 incumbit
1071 3252 1220 3330 nomina
1239 3253 1362 3350 negli-

321 3369 487 3476 gentium
508 3367 546 3442 in
560 3361 799 3442 solutionibus
822 3363 1033 3464 pensionum
1051 3369 1177 3444 talium
1201 3369 1236 3444 in
1256 3369 1362 3468 capi-

318 3487 401 3561 tulo
424 3482 461 3559 in
479 3479 620 3580 scriptis
639 3477 849 3577 presentare
864 3478 901 3553 tit
916 3477 1116 3577 presentari
1131 3483 1253 3560 facete
1269 3487 1361 3560 dolo

319 3599 454 3682 manoe
471 3619 584 3696 prete
610 3615 737 3672 amore
755 3595 793 3670 se
814 3594 986 3674 dilatione
1006 3599 1281 3696 quibuscunque
1303 3600 1362 3676 se-

324 3713 428 3798 clusis
450 3713 614 3790 studcant
638 3707 675 3786 st
701 3722 830 3786 curent
861 3709 1104 3789 cnm‘effeftu
1130 3713 1296 3790 terminis
1323 3716 1364 3796 tie

324 3829 551 3929 temporibus
588 3825 626 3908 in
663 3824 740 3924 ipso
771 3825 903 3902 statuto
929 3827 1080 3922 pressis
1105 3827 1139 3903 tiz
1167 3826 1362 3942 limitetis,

264 4029 269 4038 ,
323 3935 487 4047 alioquiis
505 3934 671 4020 'officiut
694 3939 762 4039 ipsi
788 3942 959 4019 videlicet
988 3944 1143 4039 quilibet
1179 3959 1361 4040 quantum

226 4068 239 4098 '
325 4064 444 4168 ipsum
464 4057 642 4161 contingit
672 4059 710 4134 in
732 4057 827 4150 hoc,
864 4056 1088 4160 negligentes
1117 4059 1177 4134 vel
1201 4055 1359 4162 remiis,

183 4169 186 4176 ’
332 4181 398 4280 qui
422 4177 574 4259 nomine
590 4193 665 4254 uoti
681 4167 963 4253 solventium-in
984 4168 1125 4273 seriptis
1151 4187 1194 4250 ut
1216 4170 1363 4246 (listune

270 4321 273 4330 ’
537 4306 542 4344 '·
1078 4322 1080 4325 ·
1260 4300 1313 4378 eil
1383 4335 1399 4346 ·
