<?xml version="1.0" encoding="UTF-8"?>
<!DOCTYPE html PUBLIC "-//W3C//DTD XHTML 1.0 Transitional//EN"
    "http://www.w3.org/TR/xhtml1/DTD/xhtml1-transitional.dtd">
<html xmlns="http://www.w3.org/1999/xhtml" xml:lang="en" lang="en">
 <head>
  <title>
</title>
<meta http-equiv="Content-Type" content="text/html;charset=utf-8" />
  <meta name='ocr-system' content='tesseract 3.04.00' />
  <meta name='ocr-capabilities' content='ocr_page ocr_carea ocr_par ocr_line ocrx_word'/>
</head>
<body>
  <div class='ocr_page' id='page_1' title='image "./subsidiadiploma01wrgoog_0383.png"; bbox 0 0 2984 5100; ppageno 0'>
   <div class='ocr_carea' id='block_1_1' title="bbox 1145 428 2335 535">
    <p class='ocr_par' dir='ltr' id='par_1_1' title="bbox 1145 428 2335 535">
     <span class='ocr_line' id='line_1_1' title="bbox 1145 428 2335 535; baseline -0.007 0"><span class='ocrx_word' id='word_1_1' title='bbox 1145 428 1676 535; x_wconf 57' lang='lat' dir='ltr'><em>w</em></span> <span class='ocrx_word' id='word_1_2' title='bbox 1977 505 1979 510; x_wconf 77' lang='lat'><em>-</em></span> <span class='ocrx_word' id='word_1_3' title='bbox 2192 456 2335 528; x_wconf 83' lang='lat'><strong>359</strong></span> 
     </span>
    </p>
   </div>
   <div class='ocr_carea' id='block_1_2' title="bbox 364 524 408 552">
    <p class='ocr_par' dir='ltr' id='par_1_2' title="bbox 364 524 408 552">
     <span class='ocr_line' id='line_1_2' title="bbox 364 524 408 552; baseline 0 -3"><span class='ocrx_word' id='word_1_4' title='bbox 364 524 408 552; x_wconf 44' lang='lat' dir='ltr'>Q</span> 
     </span>
    </p>
   </div>
   <div class='ocr_carea' id='block_1_3' title="bbox 271 568 2424 726">
    <p class='ocr_par' dir='ltr' id='par_1_3' title="bbox 271 568 2637 726">
     <span class='ocr_line' id='line_1_3' title="bbox 271 568 2424 726; baseline 0.001 -26"><span class='ocrx_word' id='word_1_5' title='bbox 271 644 374 699; x_wconf 80' lang='lat' dir='ltr'><strong>.a</strong></span> <span class='ocrx_word' id='word_1_6' title='bbox 433 616 809 700; x_wconf 85' lang='lat' dir='ltr'><strong>consensu</strong></span> <span class='ocrx_word' id='word_1_7' title='bbox 858 568 1235 702; x_wconf 76' lang='lat' dir='ltr'><strong>catholico</strong></span> <span class='ocrx_word' id='word_1_8' title='bbox 1284 616 1365 696; x_wconf 82' lang='lat' dir='ltr'><strong>se·</strong></span> <span class='ocrx_word' id='word_1_9' title='bbox 1410 617 1895 700; x_wconf 85' lang='lat' dir='ltr'>subducerent</span> <span class='ocrx_word' id='word_1_10' title='bbox 1923 679 1949 717; x_wconf 84' lang='lat'>‚</span> <span class='ocrx_word' id='word_1_11' title='bbox 2012 624 2065 701; x_wconf 83' lang='lat' dir='ltr'><strong>fi</strong></span> <span class='ocrx_word' id='word_1_12' title='bbox 2102 626 2424 726; x_wconf 81' lang='lat' dir='ltr'><strong>liberet,</strong></span> 
     </span>
    </p>
   </div>
   <div class='ocr_carea' id='block_1_4' title="bbox 247 736 2488 4067">
    <p class='ocr_par' dir='ltr' id='par_1_4' title="bbox 247 736 2488 4067">
     <span class='ocr_line' id='line_1_4' title="bbox 315 736 2420 840; baseline 0.002 -25"><span class='ocrx_word' id='word_1_13' title='bbox 315 738 474 815; x_wconf 91' lang='lat' dir='ltr'><strong>sed</strong></span> <span class='ocrx_word' id='word_1_14' title='bbox 513 739 1007 819; x_wconf 84' lang='lat' dir='ltr'><strong>neceffitatern</strong></span> <span class='ocrx_word' id='word_1_15' title='bbox 1037 736 1483 840; x_wconf 61' lang='lat' dir='ltr'><strong>imposuifl‘e,</strong></span> <span class='ocrx_word' id='word_1_16' title='bbox 1517 756 1621 818; x_wconf 83' lang='lat' dir='ltr'><strong>¹ut</strong></span> <span class='ocrx_word' id='word_1_17' title='bbox 1658 741 1734 816; x_wconf 91' lang='lat' dir='ltr'><strong>in</strong></span> <span class='ocrx_word' id='word_1_18' title='bbox 1765 764 1850 816; x_wconf 93' lang='lat' dir='ltr'><strong>eo</strong></span> <span class='ocrx_word' id='word_1_19' title='bbox 1881 760 2420 839; x_wconf 82' lang='lat' dir='ltr'><strong>permanerent,</strong></span> 
     </span>
     <span class='ocr_line' id='line_1_5' title="bbox 312 854 2421 953; baseline 0.001 -22"><span class='ocrx_word' id='word_1_20' title='bbox 312 857 681 953; x_wconf 84' lang='lat' dir='ltr'><strong>proinde</strong></span> <span class='ocrx_word' id='word_1_21' title='bbox 714 881 876 933; x_wconf 87' lang='lat' dir='ltr'><strong>cum</strong></span> <span class='ocrx_word' id='word_1_22' title='bbox 912 856 1141 939; x_wconf 77' lang='lat' dir='ltr'><strong>Rmti‘s</strong></span> <span class='ocrx_word' id='word_1_23' title='bbox 1184 854 1279 932; x_wconf 89' lang='lat' dir='ltr'><strong>D.</strong></span> <span class='ocrx_word' id='word_1_24' title='bbox 1326 855 1908 933; x_wconf 86' lang='lat' dir='ltr'><strong>Monasterienfis</strong></span> <span class='ocrx_word' id='word_1_25' title='bbox 1941 857 2120 931; x_wconf 89' lang='lat' dir='ltr'><strong>velit</strong></span> <span class='ocrx_word' id='word_1_26' title='bbox 2160 856 2421 933; x_wconf 86' lang='lat' dir='ltr'><strong>haberi</strong></span> 
     </span>
     <span class='ocr_line' id='line_1_6' title="bbox 318 972 2420 1072; baseline -0.003 -23"><span class='ocrx_word' id='word_1_27' title='bbox 318 974 406 1048; x_wconf 71' lang='grc' dir='ltr'>ἅ</span> <span class='ocrx_word' id='word_1_28' title='bbox 449 978 867 1053; x_wconf 82' lang='lat' dir='ltr'><strong>numerari</strong></span> <span class='ocrx_word' id='word_1_29' title='bbox 889 974 1079 1053; x_wconf 84' lang='lat' dir='ltr'><strong>inte1</strong></span> <span class='ocrx_word' id='word_1_30' title='bbox 1113 972 1551 1067; x_wconf 78' lang='lat' dir='ltr'><strong>catholicos,</strong></span> <span class='ocrx_word' id='word_1_31' title='bbox 1601 998 1735 1051; x_wconf 89' lang='lat' dir='ltr'><strong>nec</strong></span> <span class='ocrx_word' id='word_1_32' title='bbox 1778 974 1954 1072; x_wconf 76' lang='lat' dir='ltr'><strong>pois</strong></span> <span class='ocrx_word' id='word_1_33' title='bbox 1962 992 1991 1049; x_wconf 91' lang='lat' dir='ltr'><strong>t</strong></span> <span class='ocrx_word' id='word_1_34' title='bbox 2021 974 2250 1049; x_wconf 75' lang='lat' dir='ltr'><strong>idem</strong></span> <span class='ocrx_word' id='word_1_35' title='bbox 2231 988 2420 1045; x_wconf 85' lang='lat' dir='ltr'><strong>mter</strong></span> 
     </span>
     <span class='ocr_line' id='line_1_7' title="bbox 313 1072 2422 1185; baseline -0.005 -15"><span class='ocrx_word' id='word_1_36' title='bbox 313 1118 502 1170; x_wconf 86' lang='lat' dir='ltr'><strong>non</strong></span> <span class='ocrx_word' id='word_1_37' title='bbox 546 1091 964 1170; x_wconf 84' lang='lat' dir='ltr'><strong>Catholicos</strong></span> <span class='ocrx_word' id='word_1_38' title='bbox 997 1072 1315 1185; x_wconf 78' lang='lat' dir='ltr'><strong>haberi,</strong></span> <span class='ocrx_word' id='word_1_39' title='bbox 1388 1088 1605 1166; x_wconf 89' lang='lat' dir='ltr'><strong>sciret</strong></span> <span class='ocrx_word' id='word_1_40' title='bbox 1637 1116 1729 1169; x_wconf 86' lang='lat' dir='ltr'><strong>ex</strong></span> <span class='ocrx_word' id='word_1_41' title='bbox 1761 1090 2245 1180; x_wconf 82' lang='lat' dir='ltr'><strong>declaratione</strong></span> <span class='ocrx_word' id='word_1_42' title='bbox 2291 1084 2422 1161; x_wconf 84' lang='lat' dir='ltr'><strong>illa</strong></span> 
     </span>
     <span class='ocr_line' id='line_1_8' title="bbox 320 1192 2421 1314; baseline -0.007 -25"><span class='ocrx_word' id='word_1_43' title='bbox 320 1192 716 1289; x_wconf 66' lang='lat' dir='ltr'><strong>Caesareae</strong></span> <span class='ocrx_word' id='word_1_44' title='bbox 773 1209 1168 1307; x_wconf 85' lang='lat' dir='ltr'><strong>Majestatis</strong></span> <span class='ocrx_word' id='word_1_45' title='bbox 1216 1264 1242 1299; x_wconf 90' lang='lat'><strong><em>,</em></strong></span> <span class='ocrx_word' id='word_1_46' title='bbox 1326 1208 1502 1305; x_wconf 89' lang='lat' dir='ltr'><strong>quid</strong></span> <span class='ocrx_word' id='word_1_47' title='bbox 1546 1208 1679 1285; x_wconf 89' lang='lat' dir='ltr'><strong>fibi</strong></span> <span class='ocrx_word' id='word_1_48' title='bbox 1722 1223 2064 1306; x_wconf 81' lang='lat' dir='ltr'><strong>tanquam</strong></span> <span class='ocrx_word' id='word_1_49' title='bbox 2101 1200 2421 1314; x_wconf 71' lang='lat' dir='ltr'><strong>Principi</strong></span> 
     </span>
     <span class='ocr_line' id='line_1_9' title="bbox 317 1327 2484 1421; baseline -0.001 -14"><span class='ocrx_word' id='word_1_50' title='bbox 317 1334 555 1409; x_wconf 84' lang='lat' dir='ltr'><strong>inter</strong></span> <span class='ocrx_word' id='word_1_51' title='bbox 616 1328 1029 1405; x_wconf 85' lang='lat' dir='ltr'><strong>Catholicos</strong></span> <span class='ocrx_word' id='word_1_52' title='bbox 1080 1328 1296 1403; x_wconf 86' lang='lat' dir='ltr'><strong>status</strong></span> <span class='ocrx_word' id='word_1_53' title='bbox 1328 1344 1708 1415; x_wconf 77' lang='lat' dir='ltr'><strong>numerato</strong></span> <span class='ocrx_word' id='word_1_54' title='bbox 1743 1328 2155 1408; x_wconf 88' lang='lat' dir='ltr'><strong>faciendum</strong></span> <span class='ocrx_word' id='word_1_55' title='bbox 2199 1327 2415 1421; x_wconf 67' lang='lat' dir='ltr'><strong>esset,</strong></span> <span class='ocrx_word' id='word_1_56' title='bbox 2473 1344 2484 1357; x_wconf 88' lang='grc'><strong><em>·</em></strong></span> 
     </span>
     <span class='ocr_line' id='line_1_10' title="bbox 318 1439 2413 1539; baseline 0 -20"><span class='ocrx_word' id='word_1_57' title='bbox 318 1466 486 1519; x_wconf 84' lang='lat' dir='ltr'><strong>nec</strong></span> <span class='ocrx_word' id='word_1_58' title='bbox 524 1443 673 1518; x_wconf 81' lang='lat' dir='ltr'><strong>alio</strong></span> <span class='ocrx_word' id='word_1_59' title='bbox 716 1443 846 1519; x_wconf 86' lang='lat' dir='ltr'><strong>fibi</strong></span> <span class='ocrx_word' id='word_1_60' title='bbox 878 1465 1057 1539; x_wconf 84' lang='lat' dir='ltr'><strong>opus</strong></span> <span class='ocrx_word' id='word_1_61' title='bbox 1090 1439 1227 1519; x_wconf 85' lang='lat' dir='ltr'><strong>effe</strong></span> <span class='ocrx_word' id='word_1_62' title='bbox 1280 1442 1572 1518; x_wconf 78' lang='lat' dir='ltr'><strong>consilio</strong></span> <span class='ocrx_word' id='word_1_63' title='bbox 1603 1495 1660 1535; x_wconf 88' lang='lat'><strong>,</strong></span> <span class='ocrx_word' id='word_1_64' title='bbox 1705 1466 1921 1539; x_wconf 89' lang='lat' dir='ltr'><strong>quam</strong></span> <span class='ocrx_word' id='word_1_65' title='bbox 1958 1459 2043 1519; x_wconf 92' lang='lat' dir='ltr'><strong>ut</strong></span> <span class='ocrx_word' id='word_1_66' title='bbox 2090 1440 2413 1519; x_wconf 86' lang='lat' dir='ltr'><strong>subditos</strong></span> 
     </span>
     <span class='ocr_line' id='line_1_11' title="bbox 265 1556 2414 1682; baseline 0.003 -47.149"><span class='ocrx_word' id='word_1_67' title='bbox 265 1558 517 1682; x_wconf 83' lang='lat' dir='ltr'><strong>suos</strong></span> <span class='ocrx_word' id='word_1_68' title='bbox 555 1560 815 1657; x_wconf 81' lang='lat' dir='ltr'><strong>quibus</strong></span> <span class='ocrx_word' id='word_1_69' title='bbox 852 1577 868 1642; x_wconf 88' lang='lat'><strong>(</strong></span> <span class='ocrx_word' id='word_1_70' title='bbox 902 1582 1069 1635; x_wconf 86' lang='lat' dir='ltr'><strong>cum</strong></span> <span class='ocrx_word' id='word_1_71' title='bbox 1102 1558 1237 1635; x_wconf 82' lang='lat' dir='ltr'><strong>fint</strong></span> <span class='ocrx_word' id='word_1_72' title='bbox 1255 1558 1594 1637; x_wconf 86' lang='lat' dir='ltr'><strong>homines</strong></span> <span class='ocrx_word' id='word_1_73' title='bbox 1637 1560 1940 1655; x_wconf 75' lang='lat' dir='ltr'><strong>privati,</strong></span> <span class='ocrx_word' id='word_1_74' title='bbox 1989 1556 2414 1658; x_wconf 80' lang='lat' dir='ltr'><strong>permiffum</strong></span> 
     </span>
     <span class='ocr_line' id='line_1_12' title="bbox 323 1670 2414 1771; baseline 0.001 -20"><span class='ocrx_word' id='word_1_75' title='bbox 323 1698 382 1751; x_wconf 81' lang='lat' dir='ltr'><strong>a</strong></span> <span class='ocrx_word' id='word_1_76' title='bbox 442 1670 735 1749; x_wconf 78' lang='lat' dir='ltr'><strong>Caeiare</strong></span> <span class='ocrx_word' id='word_1_77' title='bbox 768 1693 911 1748; x_wconf 86' lang='lat' dir='ltr'><strong>non</strong></span> <span class='ocrx_word' id='word_1_78' title='bbox 946 1672 1043 1747; x_wconf 91' lang='lat' dir='ltr'><strong>est</strong></span> <span class='ocrx_word' id='word_1_79' title='bbox 1071 1672 1272 1768; x_wconf 70' lang='lat' dir='ltr'><strong>qudd</strong></span> <span class='ocrx_word' id='word_1_80' title='bbox 1307 1671 1471 1769; x_wconf 88' lang='lat' dir='ltr'><strong>ipfis</strong></span> <span class='ocrx_word' id='word_1_81' title='bbox 1503 1675 1801 1769; x_wconf 86' lang='lat' dir='ltr'><strong>paribus</strong></span> <span class='ocrx_word' id='word_1_82' title='bbox 1833 1682 1885 1761; x_wconf 88' lang='grc'>)</span> <span class='ocrx_word' id='word_1_83' title='bbox 1915 1677 2303 1771; x_wconf 83' lang='lat' dir='ltr'><strong>compellat</strong></span> <span class='ocrx_word' id='word_1_84' title='bbox 2317 1674 2414 1753; x_wconf 84' lang='lat' dir='ltr'><strong>ad</strong></span> 
     </span>
     <span class='ocr_line' id='line_1_13' title="bbox 327 1779 2413 1888; baseline 0.001 -24"><span class='ocrx_word' id='word_1_85' title='bbox 327 1786 886 1868; x_wconf 80' lang='lat' dir='ltr'><strong>observantiam</strong></span> <span class='ocrx_word' id='word_1_86' title='bbox 926 1779 1219 1863; x_wconf 84' lang='lat' dir='ltr'><strong>unitatis</strong></span> <span class='ocrx_word' id='word_1_87' title='bbox 1251 1789 1644 1866; x_wconf 74' lang='lat' dir='ltr'><strong>Catholicae</strong></span> <span class='ocrx_word' id='word_1_88' title='bbox 1673 1842 1699 1886; x_wconf 80' lang='lat'><strong>.,</strong></span> <span class='ocrx_word' id='word_1_89' title='bbox 1751 1814 1885 1871; x_wconf 80' lang='lat' dir='ltr'><strong>nec</strong></span> <span class='ocrx_word' id='word_1_90' title='bbox 1924 1794 2246 1888; x_wconf 84' lang='lat' dir='ltr'><strong>patiatur</strong></span> <span class='ocrx_word' id='word_1_91' title='bbox 2293 1814 2413 1866; x_wconf 86' lang='lat' dir='ltr'><strong>ca-</strong></span> 
     </span>
     <span class='ocr_line' id='line_1_14' title="bbox 328 1896 2408 1999; baseline 0.004 -22"><span class='ocrx_word' id='word_1_92' title='bbox 328 1902 792 1978; x_wconf 82' lang='lat' dir='ltr'><strong>tholicarum</strong></span> <span class='ocrx_word' id='word_1_93' title='bbox 824 1896 1446 1977; x_wconf 84' lang='lat' dir='ltr'><strong>observantiarum</strong></span> <span class='ocrx_word' id='word_1_94' title='bbox 1468 1904 1856 1999; x_wconf 82' lang='lat' dir='ltr'><strong>quicquam</strong></span> <span class='ocrx_word' id='word_1_95' title='bbox 1880 1904 1975 1979; x_wconf 89' lang='lat' dir='ltr'><strong>ab</strong></span> <span class='ocrx_word' id='word_1_96' title='bbox 2007 1904 2106 1980; x_wconf 91' lang='lat' dir='ltr'><strong>eis</strong></span> <span class='ocrx_word' id='word_1_97' title='bbox 2143 1904 2408 1985; x_wconf 81' lang='lat' dir='ltr'><strong>immu-</strong></span> 
     </span>
     <span class='ocr_line' id='line_1_15' title="bbox 331 2014 2407 2114; baseline 0 -24"><span class='ocrx_word' id='word_1_98' title='bbox 331 2015 538 2109; x_wconf 77' lang='lat' dir='ltr'><strong>tari,</strong></span> <span class='ocrx_word' id='word_1_99' title='bbox 590 2014 787 2110; x_wconf 90' lang='lat' dir='ltr'><strong>quod</strong></span> <span class='ocrx_word' id='word_1_100' title='bbox 835 2035 1015 2089; x_wconf 89' lang='lat' dir='ltr'><strong>vero</strong></span> <span class='ocrx_word' id='word_1_101' title='bbox 1068 2015 1475 2114; x_wconf 83' lang='lat' dir='ltr'><strong>allegarent</strong></span> <span class='ocrx_word' id='word_1_102' title='bbox 1523 2016 1610 2089; x_wconf 88' lang='lat' dir='ltr'><strong>de</strong></span> <span class='ocrx_word' id='word_1_103' title='bbox 1656 2016 2025 2099; x_wconf 85' lang='lat' dir='ltr'><strong>communi</strong></span> <span class='ocrx_word' id='word_1_104' title='bbox 2077 2014 2407 2091; x_wconf 84' lang='lat' dir='ltr'><strong>omnium</strong></span> 
     </span>
     <span class='ocr_line' id='line_1_16' title="bbox 330 2126 2405 2225; baseline 0.001 -16"><span class='ocrx_word' id='word_1_105' title='bbox 330 2134 662 2219; x_wconf 80' lang='lat' dir='ltr'><strong>statuum</strong></span> <span class='ocrx_word' id='word_1_106' title='bbox 698 2126 1042 2207; x_wconf 88' lang='lat' dir='ltr'><strong>consensu</strong></span> <span class='ocrx_word' id='word_1_107' title='bbox 1068 2152 1153 2206; x_wconf 87' lang='lat' dir='ltr'><strong>ac</strong></span> <span class='ocrx_word' id='word_1_108' title='bbox 1183 2129 1685 2225; x_wconf 65' lang='lat' dir='ltr'><strong>permistione,</strong></span> <span class='ocrx_word' id='word_1_109' title='bbox 1748 2132 1824 2207; x_wconf 91' lang='lat' dir='ltr'><strong>id</strong></span> <span class='ocrx_word' id='word_1_110' title='bbox 1877 2138 2147 2207; x_wconf 82' lang='lat' dir='ltr'><strong>vanum</strong></span> <span class='ocrx_word' id='word_1_111' title='bbox 2190 2131 2260 2206; x_wconf 69' lang='lat' dir='ltr'><strong>dc</strong></span> <span class='ocrx_word' id='word_1_112' title='bbox 2310 2152 2405 2212; x_wconf 75' lang='lat' dir='ltr'><strong>ex</strong></span> 
     </span>
     <span class='ocr_line' id='line_1_17' title="bbox 334 2229 2406 2346; baseline -0.001 -25"><span class='ocrx_word' id='word_1_113' title='bbox 334 2241 805 2346; x_wconf 75' lang='lat' dir='ltr'><strong>persuasione</strong></span> <span class='ocrx_word' id='word_1_114' title='bbox 851 2238 1029 2317; x_wconf 88' lang='lat' dir='ltr'><strong>falsa</strong></span> <span class='ocrx_word' id='word_1_115' title='bbox 1070 2258 1320 2317; x_wconf 88' lang='lat' dir='ltr'><strong>natum</strong></span> <span class='ocrx_word' id='word_1_116' title='bbox 1357 2239 1540 2336; x_wconf 75' lang='lat' dir='ltr'><strong>effe,</strong></span> <span class='ocrx_word' id='word_1_117' title='bbox 1604 2241 1818 2322; x_wconf 80' lang='lat' dir='ltr'><strong>solius</strong></span> <span class='ocrx_word' id='word_1_118' title='bbox 1869 2241 2191 2322; x_wconf 83' lang='lat' dir='ltr'><strong>Caesaris</strong></span> <span class='ocrx_word' id='word_1_119' title='bbox 2218 2229 2406 2319; x_wconf 79' lang='lat' dir='ltr'><strong>hane</strong></span> 
     </span>
     <span class='ocr_line' id='line_1_18' title="bbox 341 2352 2488 2456; baseline -0.002 -21"><span class='ocrx_word' id='word_1_120' title='bbox 341 2357 491 2435; x_wconf 63' lang='lat' dir='ltr'><strong>esse</strong></span> <span class='ocrx_word' id='word_1_121' title='bbox 525 2355 1127 2446; x_wconf 76' lang='lat' dir='ltr'><strong>declarationem,</strong></span> <span class='ocrx_word' id='word_1_122' title='bbox 1178 2375 1393 2450; x_wconf 87' lang='lat' dir='ltr'><strong>quam</strong></span> <span class='ocrx_word' id='word_1_123' title='bbox 1435 2355 1650 2432; x_wconf 87' lang='lat' dir='ltr'><strong>status</strong></span> <span class='ocrx_word' id='word_1_124' title='bbox 1691 2357 1993 2456; x_wconf 78' lang='lat' dir='ltr'><strong>quisque</strong></span> <span class='ocrx_word' id='word_1_125' title='bbox 2037 2377 2175 2453; x_wconf 88' lang='lat' dir='ltr'><strong>pro</strong></span> <span class='ocrx_word' id='word_1_126' title='bbox 2206 2356 2276 2430; x_wconf 82' lang='lat' dir='ltr'><strong>se</strong></span> <span class='ocrx_word' id='word_1_127' title='bbox 2329 2352 2405 2431; x_wconf 72' lang='grc' dir='ltr'><strong>δε</strong></span> <span class='ocrx_word' id='word_1_128' title='bbox 2484 2397 2488 2401; x_wconf 89' lang='lat'><em>-</em></span> 
     </span>
     <span class='ocr_line' id='line_1_19' title="bbox 338 2463 2406 2566; baseline -0.004 -15"><span class='ocrx_word' id='word_1_129' title='bbox 338 2473 487 2552; x_wconf 85' lang='lat' dir='ltr'><strong>suis</strong></span> <span class='ocrx_word' id='word_1_130' title='bbox 550 2483 982 2546; x_wconf 80' lang='lat' dir='ltr'><strong>reverenter</strong></span> <span class='ocrx_word' id='word_1_131' title='bbox 1038 2463 1469 2564; x_wconf 82' lang='lat' dir='ltr'><strong>susceperit,</strong></span> <span class='ocrx_word' id='word_1_132' title='bbox 1552 2470 1860 2566; x_wconf 76' lang='lat' dir='ltr'><strong>proinde</strong></span> <span class='ocrx_word' id='word_1_133' title='bbox 1915 2468 1971 2546; x_wconf 87' lang='lat' dir='ltr'>fi</span> <span class='ocrx_word' id='word_1_134' title='bbox 2024 2469 2406 2565; x_wconf 85' lang='lat' dir='ltr'><strong>decretum</strong></span> 
     </span>
     <span class='ocr_line' id='line_1_20' title="bbox 344 2583 2405 2684; baseline -0.001 -19"><span class='ocrx_word' id='word_1_135' title='bbox 344 2589 717 2668; x_wconf 83' lang='lat' dir='ltr'><strong>ruralibus</strong></span> <span class='ocrx_word' id='word_1_136' title='bbox 746 2587 887 2663; x_wconf 90' lang='lat' dir='ltr'><strong>illis</strong></span> <span class='ocrx_word' id='word_1_137' title='bbox 926 2584 1014 2661; x_wconf 90' lang='lat' dir='ltr'><strong>fit</strong></span> <span class='ocrx_word' id='word_1_138' title='bbox 1041 2583 1448 2682; x_wconf 82' lang='lat' dir='ltr'><strong>discedere,</strong></span> <span class='ocrx_word' id='word_1_139' title='bbox 1500 2585 1988 2682; x_wconf 77' lang='lat' dir='ltr'><strong>discederentz,</strong></span> <span class='ocrx_word' id='word_1_140' title='bbox 2035 2585 2405 2684; x_wconf 88' lang='lat' dir='ltr'><strong>optimum</strong></span> 
     </span>
     <span class='ocr_line' id='line_1_21' title="bbox 347 2695 2414 2804; baseline -0.002 -23"><span class='ocrx_word' id='word_1_141' title='bbox 347 2705 946 2786; x_wconf 86' lang='lat' dir='ltr'><strong>effefrumentum</strong></span> <span class='ocrx_word' id='word_1_142' title='bbox 978 2729 1025 2782; x_wconf 90' lang='lat' dir='ltr'><strong>a</strong></span> <span class='ocrx_word' id='word_1_143' title='bbox 1061 2706 1286 2802; x_wconf 86' lang='lat' dir='ltr'><strong>paleis</strong></span> <span class='ocrx_word' id='word_1_144' title='bbox 1332 2695 1820 2804; x_wconf 81' lang='lat' dir='ltr'><strong>repurgatum</strong></span> <span class='ocrx_word' id='word_1_145' title='bbox 1872 2729 1964 2780; x_wconf 89' lang='lat' dir='ltr'><strong>ac</strong></span> <span class='ocrx_word' id='word_1_146' title='bbox 2007 2705 2268 2792; x_wconf 78' lang='lat' dir='ltr'><strong>melius</strong></span> <span class='ocrx_word' id='word_1_147' title='bbox 2310 2701 2414 2794; x_wconf 45' lang='lat' dir='ltr'><strong>fir*</strong></span> 
     </span>
     <span class='ocr_line' id='line_1_22' title="bbox 344 2810 2402 2927; baseline -0.003 -27"><span class='ocrx_word' id='word_1_148' title='bbox 344 2824 486 2900; x_wconf 86' lang='lat' dir='ltr'><strong>leri</strong></span> <span class='ocrx_word' id='word_1_149' title='bbox 510 2840 837 2918; x_wconf 87' lang='lat' dir='ltr'><strong>tempore</strong></span> <span class='ocrx_word' id='word_1_150' title='bbox 871 2810 1241 2927; x_wconf 75' lang='lat' dir='ltr'><strong>aliquanto</strong></span> <span class='ocrx_word' id='word_1_151' title='bbox 1274 2817 1347 2893; x_wconf 91' lang='lat' dir='ltr'><strong>in</strong></span> <span class='ocrx_word' id='word_1_152' title='bbox 1392 2815 1687 2897; x_wconf 84' lang='lat' dir='ltr'><strong>ecclesia</strong></span> <span class='ocrx_word' id='word_1_153' title='bbox 1719 2841 1937 2916; x_wconf 88' lang='lat' dir='ltr'><strong>quam</strong></span> <span class='ocrx_word' id='word_1_154' title='bbox 1971 2814 2402 2893; x_wconf 84' lang='lat' dir='ltr'><strong>discordiam</strong></span> 
     </span>
     <span class='ocr_line' id='line_1_23' title="bbox 344 2932 2401 3032; baseline -0.004 -15"><span class='ocrx_word' id='word_1_155' title='bbox 344 2942 443 3017; x_wconf 90' lang='lat' dir='ltr'><strong>ab</strong></span> <span class='ocrx_word' id='word_1_156' title='bbox 494 2938 774 3017; x_wconf 76' lang='lat' dir='ltr'><strong>ec&#39;clefia</strong></span> <span class='ocrx_word' id='word_1_157' title='bbox 800 2937 1157 3013; x_wconf 88' lang='lat' dir='ltr'><strong>catholica</strong></span> <span class='ocrx_word' id='word_1_158' title='bbox 1187 2935 1485 3029; x_wconf 82' lang='lat' dir='ltr'><strong>foveri,</strong></span> <span class='ocrx_word' id='word_1_159' title='bbox 1543 2938 1738 3032; x_wconf 89' lang='lat' dir='ltr'><strong>quod</strong></span> <span class='ocrx_word' id='word_1_160' title='bbox 1773 2935 1825 3012; x_wconf 85' lang='lat' dir='ltr'><strong>fi</strong></span> <span class='ocrx_word' id='word_1_161' title='bbox 1857 2933 2185 3012; x_wconf 88' lang='lat' dir='ltr'><strong>Patribus</strong></span> <span class='ocrx_word' id='word_1_162' title='bbox 2205 2932 2401 3008; x_wconf 89' lang='lat' dir='ltr'><strong>Con-</strong></span> 
     </span>
     <span class='ocr_line' id='line_1_24' title="bbox 348 3042 2396 3153; baseline -0.005 -22"><span class='ocrx_word' id='word_1_163' title='bbox 348 3052 499 3132; x_wconf 89' lang='lat' dir='ltr'><strong>cilii</strong></span> <span class='ocrx_word' id='word_1_164' title='bbox 525 3052 856 3127; x_wconf 88' lang='lat' dir='ltr'><strong>videatur</strong></span> <span class='ocrx_word' id='word_1_165' title='bbox 881 3071 1027 3124; x_wconf 89' lang='lat' dir='ltr'><strong>non</strong></span> <span class='ocrx_word' id='word_1_166' title='bbox 1033 3048 1357 3153; x_wconf 76' lang='lat' dir='ltr'><strong>inutile,</strong></span> <span class='ocrx_word' id='word_1_167' title='bbox 1408 3045 1641 3145; x_wconf 86' lang='lat' dir='ltr'><strong>poffet</strong></span> <span class='ocrx_word' id='word_1_168' title='bbox 1685 3043 2012 3129; x_wconf 83' lang='lat' dir='ltr'><strong>Caesarea</strong></span> <span class='ocrx_word' id='word_1_169' title='bbox 2052 3042 2396 3142; x_wconf 75' lang='lat' dir='ltr'><strong>Maiestas</strong></span> 
     </span>
     <span class='ocr_line' id='line_1_25' title="bbox 350 3164 2398 3270; baseline -0.004 -24"><span class='ocrx_word' id='word_1_170' title='bbox 350 3169 428 3246; x_wconf 93' lang='lat' dir='ltr'><strong>in</strong></span> <span class='ocrx_word' id='word_1_171' title='bbox 459 3164 757 3267; x_wconf 86' lang='lat' dir='ltr'><strong>gratiam</strong></span> <span class='ocrx_word' id='word_1_172' title='bbox 786 3165 1083 3243; x_wconf 82' lang='lat' dir='ltr'><strong>istor-um</strong></span> <span class='ocrx_word' id='word_1_173' title='bbox 1104 3166 1364 3270; x_wconf 84' lang='lat' dir='ltr'><strong>eadem</strong></span> <span class='ocrx_word' id='word_1_174' title='bbox 1398 3188 1661 3264; x_wconf 79' lang='lat' dir='ltr'><strong>opera,</strong></span> <span class='ocrx_word' id='word_1_175' title='bbox 1713 3188 1857 3264; x_wconf 89' lang='lat' dir='ltr'><strong>qua</strong></span> <span class='ocrx_word' id='word_1_176' title='bbox 1898 3187 2036 3264; x_wconf 88' lang='lat' dir='ltr'><strong>pro</strong></span> <span class='ocrx_word' id='word_1_177' title='bbox 2072 3164 2398 3240; x_wconf 87' lang='lat' dir='ltr'><strong>declara·</strong></span> 
     </span>
     <span class='ocr_line' id='line_1_26' title="bbox 353 3267 2398 3384; baseline -0.002 -27"><span class='ocrx_word' id='word_1_178' title='bbox 353 3282 540 3357; x_wconf 85' lang='lat' dir='ltr'><strong>tione</strong></span> <span class='ocrx_word' id='word_1_179' title='bbox 573 3279 863 3357; x_wconf 84' lang='lat' dir='ltr'><strong>articuli</strong></span> <span class='ocrx_word' id='word_1_180' title='bbox 908 3282 997 3356; x_wconf 90' lang='lat' dir='ltr'><strong>de</strong></span> <span class='ocrx_word' id='word_1_181' title='bbox 1044 3267 1788 3365; x_wconf 79' lang='lat' dir='ltr'><strong>excommunicatione</strong></span> <span class='ocrx_word' id='word_1_182' title='bbox 1836 3280 2130 3384; x_wconf 72' lang='lat' dir='ltr'><strong>rogari,</strong></span> <span class='ocrx_word' id='word_1_183' title='bbox 2196 3301 2398 3355; x_wconf 88' lang='lat' dir='ltr'><strong>com·-</strong></span> 
     </span>
     <span class='ocr_line' id='line_1_27' title="bbox 350 3389 2396 3501; baseline -0.002 -26"><span class='ocrx_word' id='word_1_184' title='bbox 350 3389 547 3475; x_wconf 81' lang='lat' dir='ltr'><strong>muni</strong></span> <span class='ocrx_word' id='word_1_185' title='bbox 583 3397 802 3472; x_wconf 89' lang='lat' dir='ltr'><strong>totius</strong></span> <span class='ocrx_word' id='word_1_186' title='bbox 858 3398 1259 3494; x_wconf 76' lang='lat' dir='ltr'><strong>provinciae</strong></span> <span class='ocrx_word' id='word_1_187' title='bbox 1304 3397 1638 3487; x_wconf 86' lang='lat' dir='ltr'><strong>nomine,</strong></span> <span class='ocrx_word' id='word_1_188' title='bbox 1701 3421 1792 3475; x_wconf 92' lang='lat' dir='ltr'><strong>ne</strong></span> <span class='ocrx_word' id='word_1_189' title='bbox 1843 3414 2202 3501; x_wconf 82' lang='lat' dir='ltr'><strong>gravetur</strong></span> <span class='ocrx_word' id='word_1_190' title='bbox 2233 3396 2396 3493; x_wconf 86' lang='lat' dir='ltr'><strong>opi-</strong></span> 
     </span>
     <span class='ocr_line' id='line_1_28' title="bbox 351 3506 2487 3613; baseline -0.002 -24"><span class='ocrx_word' id='word_1_191' title='bbox 351 3511 627 3590; x_wconf 86' lang='lat' dir='ltr'><strong>nionem</strong></span> <span class='ocrx_word' id='word_1_192' title='bbox 654 3506 904 3587; x_wconf 88' lang='lat' dir='ltr'><strong>falsam</strong></span> <span class='ocrx_word' id='word_1_193' title='bbox 936 3517 1156 3608; x_wconf 82' lang='lat' dir='ltr'><strong>&#39;quam</strong></span> <span class='ocrx_word' id='word_1_194' title='bbox 1186 3511 1461 3613; x_wconf 84' lang='lat' dir='ltr'><strong>privati</strong></span> <span class='ocrx_word' id='word_1_195' title='bbox 1501 3511 1796 3610; x_wconf 86' lang='lat' dir='ltr'><strong>quidam</strong></span> <span class='ocrx_word' id='word_1_196' title='bbox 1837 3535 1929 3588; x_wconf 88' lang='lat' dir='ltr'><strong>ex</strong></span> <span class='ocrx_word' id='word_1_197' title='bbox 1966 3512 2398 3589; x_wconf 83' lang='lat' dir='ltr'><strong>declaratio·</strong></span> <span class='ocrx_word' id='word_1_198' title='bbox 2457 3557 2487 3570; x_wconf 53' lang='lat' dir='ltr'><em>f</em></span> 
     </span>
     <span class='ocr_line' id='line_1_29' title="bbox 356 3623 2397 3731; baseline -0.001 -27"><span class='ocrx_word' id='word_1_199' title='bbox 356 3649 444 3704; x_wconf 81' lang='lat' dir='ltr'><strong>ne</strong></span> <span class='ocrx_word' id='word_1_200' title='bbox 489 3636 623 3702; x_wconf 80' lang='lat' dir='ltr'><strong>non</strong></span> <span class='ocrx_word' id='word_1_201' title='bbox 671 3624 855 3702; x_wconf 89' lang='lat' dir='ltr'><strong>bene</strong></span> <span class='ocrx_word' id='word_1_202' title='bbox 927 3624 1295 3702; x_wconf 68' lang='lat' dir='ltr'><strong>intelle&amp;a</strong></span> <span class='ocrx_word' id='word_1_203' title='bbox 1340 3623 1798 3722; x_wconf 80' lang='lat' dir='ltr'><strong>haufiffent,·</strong></span> <span class='ocrx_word' id='word_1_204' title='bbox 1843 3631 2269 3731; x_wconf 79' lang='lat' dir='ltr'><strong>extinguere</strong></span> <span class='ocrx_word' id='word_1_205' title='bbox 2325 3629 2397 3701; x_wconf 67' lang='lat' dir='ltr'><strong>d:</strong></span> 
     </span>
     <span class='ocr_line' id='line_1_30' title="bbox 355 3739 2393 3842; baseline -0.004 -18"><span class='ocrx_word' id='word_1_206' title='bbox 355 3760 650 3824; x_wconf 84' lang='lat' dir='ltr'><strong>mentem</strong></span> <span class='ocrx_word' id='word_1_207' title='bbox 678 3739 879 3819; x_wconf 87' lang='lat' dir='ltr'><strong>suam</strong></span> <span class='ocrx_word' id='word_1_208' title='bbox 907 3745 1226 3842; x_wconf 85' lang='lat' dir='ltr'><strong>apertius</strong></span> <span class='ocrx_word' id='word_1_209' title='bbox 1261 3745 1652 3821; x_wconf 86' lang='lat' dir='ltr'><strong>declarare.</strong></span> <span class='ocrx_word' id='word_1_210' title='bbox 1754 3745 1922 3821; x_wconf 84' lang='lat' dir='ltr'><strong>Fine</strong></span> <span class='ocrx_word' id='word_1_211' title='bbox 1973 3745 2250 3820; x_wconf 82' lang='lat' dir='ltr'><strong>dicendi</strong></span> <span class='ocrx_word' id='word_1_212' title='bbox 2285 3741 2393 3817; x_wconf 69' lang='lat' dir='ltr'><strong>fa-</strong></span> 
     </span>
     <span class='ocr_line' id='line_1_31' title="bbox 247 3844 2397 3956; baseline -0.002 -22"><span class='ocrx_word' id='word_1_213' title='bbox 247 3903 256 3913; x_wconf 88' lang='lat'><em>·</em></span> <span class='ocrx_word' id='word_1_214' title='bbox 359 3858 473 3937; x_wconf 65' lang='lat' dir='ltr'><strong>&amp;o</strong></span> <span class='ocrx_word' id='word_1_215' title='bbox 500 3847 914 3947; x_wconf 58' lang='lat' dir='ltr'><strong>Laefldienses</strong></span> <span class='ocrx_word' id='word_1_216' title='bbox 956 3844 1443 3955; x_wconf 75' lang='lat' dir='ltr'><strong>interpellati,</strong></span> <span class='ocrx_word' id='word_1_217' title='bbox 1511 3874 1594 3932; x_wconf 89' lang='lat' dir='ltr'><strong>ut</strong></span> <span class='ocrx_word' id='word_1_218' title='bbox 1639 3859 1815 3956; x_wconf 86' lang='lat' dir='ltr'><strong>quid</strong></span> <span class='ocrx_word' id='word_1_219' title='bbox 1869 3856 2000 3953; x_wconf 89' lang='lat' dir='ltr'><strong>ipfi</strong></span> <span class='ocrx_word' id='word_1_220' title='bbox 2052 3855 2397 3933; x_wconf 78' lang='lat' dir='ltr'><strong>sentirent</strong></span> 
     </span>
     <span class='ocr_line' id='line_1_32' title="bbox 361 3969 2393 4067; baseline -0.004 -14"><span class='ocrx_word' id='word_1_221' title='bbox 361 3970 547 4056; x_wconf 61' lang='lat' dir='ltr'><strong>&lt;iniis</strong></span> <span class='ocrx_word' id='word_1_222' title='bbox 580 3991 737 4067; x_wconf 82' lang='lat' dir='ltr'><strong>quae</strong></span> <span class='ocrx_word' id='word_1_223' title='bbox 789 3971 1008 4045; x_wconf 85' lang='lat' dir='ltr'><strong>modo</strong></span> <span class='ocrx_word' id='word_1_224' title='bbox 1061 3969 1287 4048; x_wconf 79' lang='lat' dir='ltr'><strong>Rmus</strong></span> <span class='ocrx_word' id='word_1_225' title='bbox 1330 3988 1468 4066; x_wconf 89' lang='lat' dir='ltr'><strong>per</strong></span> <span class='ocrx_word' id='word_1_226' title='bbox 1519 3971 2047 4051; x_wconf 80' lang='lat' dir='ltr'><strong>Provincialern</strong></span> <span class='ocrx_word' id='word_1_227' title='bbox 2100 3969 2393 4065; x_wconf 72' lang='lat' dir='ltr'><strong>respon-</strong></span> 
     </span>
    </p>
   </div>
   <div class='ocr_carea' id='block_1_5' title="bbox 353 4081 2393 4316">
    <p class='ocr_par' dir='ltr' id='par_1_5' title="bbox 353 4081 2393 4316">
     <span class='ocr_line' id='line_1_33' title="bbox 353 4081 2393 4316; baseline -0.002 -153.973"><span class='ocrx_word' id='word_1_228' title='bbox 353 4081 614 4189; x_wconf 67' lang='lat' dir='ltr'><strong>derat,</strong></span> <span class='ocrx_word' id='word_1_229' title='bbox 648 4084 952 4208; x_wconf 62' lang='lat' dir='ltr'><strong>concilio</strong></span> <span class='ocrx_word' id='word_1_230' title='bbox 1013 4100 1535 4316; x_wconf 50' lang='lat' dir='ltr'><strong>exponerenti</strong></span> <span class='ocrx_word' id='word_1_231' title='bbox 1583 4085 1878 4185; x_wconf 72' lang='lat' dir='ltr'><strong>dixere,</strong></span> <span class='ocrx_word' id='word_1_232' title='bbox 1929 4085 2061 4165; x_wconf 86' lang='lat' dir='ltr'><strong>fibi</strong></span> <span class='ocrx_word' id='word_1_233' title='bbox 2104 4109 2189 4164; x_wconf 89' lang='lat' dir='ltr'><strong>ea</strong></span> <span class='ocrx_word' id='word_1_234' title='bbox 2229 4106 2393 4182; x_wconf 64' lang='lat' dir='ltr'><strong>quse</strong></span> 
     </span>
     <span class='ocr_line' id='line_1_34' title="bbox 732 4202 2301 4294; baseline -0.004 -17"><span class='ocrx_word' id='word_1_235' title='bbox 732 4248 738 4252; x_wconf 55' lang='lat'>&lt;</span> <span class='ocrx_word' id='word_1_236' title='bbox 1547 4221 1599 4294; x_wconf 80' lang='lat'>4</span> <span class='ocrx_word' id='word_1_237' title='bbox 1921 4257 1926 4263; x_wconf 84' lang='lat'>.</span> <span class='ocrx_word' id='word_1_238' title='bbox 1987 4243 1993 4251; x_wconf 86' lang='lat'><em>-</em></span> <span class='ocrx_word' id='word_1_239' title='bbox 2205 4202 2301 4274; x_wconf 72' lang='lat' dir='ltr'><strong>ad</strong></span> 
     </span>
    </p>
   </div>
  </div>
 </body>
</html>
