2984 5100
502 385 504 396 ¹
548 378 814 521 Q
1067 452 1140 522 ors

161 616 310 697 Acium
327 616 438 696 Anno
457 618 666 697 Natiuitatis
687 622 837 699 Domini
844 621 1039 700 Millelimo
1056 620 1191 697 tricen-

157 736 295 851 tesrmo
329 737 497 815 vicesimo
521 741 629 817 tertio
658 740 752 819 feria
784 736 914 841 quarto
935 766 1005 841 qua
1025 757 1190 818 cantator

161 859 277 933 Oculi·
292 858 367 934 mei.
403 858 583 935 ·Prctereo
604 862 792 937 statuimus
817 861 1077 937 &ordinamus
1091 860 1189 956 quod

159 972 332 1049 canonici
360 971 566 1069 hujusmodi
586 972 648 1051 seu
670 976 732 1051 olii
756 977 961 1074 quicunque
978 974 1107 1071 quibus
1127 994 1188 1047 ra-
1280 1027 1284 1036 =

161 1088 265 1165 tione
293 1088 471 1165 bonorum
500 1090 750 1187 pollellionum
785 1094 1005 1169 decimarum
1031 1089 1190 1165 curtium

160 1194 225 1274 seu
247 1196 384 1293 jurium
410 1200 470 1274 vel
492 1194 718 1300 quocumque
746 1206 790 1279 de
808 1200 913 1278 causo
928 1198 1105 1277 incumbit
1126 1192 1188 1269 uel

157 1310 199 1385 in
219 1308 389 1385 futurum
416 1310 600 1401 incumbet
613 1317 797 1428 meningas
811 1315 848 1389 in
857 1336 949 1409 pane
965 1313 1026 1389 vel
1045 1311 1082 1383 in
1097 1306 1185 1379 vino
1270 1376 1275 1384 .

158 1427 224 1506 scu
249 1428 410 1524 pecuniis
428 1428 489 1507 seu
509 1432 587 1507 aliis
612 1436 720 1510 rebus
738 1430 960 1531 quibuslibet
974 1419 1186 1502 doredistri-

158 1537 282 1623 buere
300 1542 360 1621 seu
375 1536 622 1626 administrare
639 1552 737 1647 quod
756 1551 834 1625 illos
850 1548 1030 1645 moringas
1044 1542 1117 1619 fine
1130 1541 1184 1614 di·

157 1662 299 1736 latione
323 1661 524 1737 renrillione
550 1664 774 1764 ‘negligentia
803 1680 1015 1759 quacunque
1046 1650 1108 1729 seu'
1127 1654 1183 1728 in·
1288 1652 1292 1660 ’

156 1776 543 1881 te1·millionefingulis
566 1782 789 1879 temporibus
816 1781 957 1856 solvant
972 1771 1184 1847 distribuant

157 1900 193 1973 clu
213 1898 463 1975 administrent
489 1919 600 1996 prout
619 1901 829 1979 consuetum
852 1900 902 1975 cll
918 1897 963 1972 ab
981 1892 1129 1986 antiquo
1148 1888 1184 1963 tlt

153 2020 370 2094 ordinatum
389 2018 613 2103 exertiorione
637 2021 797 2119 qtrolibet
812 2016 919 2115 super
934 2010 1184 2090 distributione
1280 2096 1284 2103 Ι

155 2132 456 2231 hujusmodinon
478 2136 640 2212 socienda
664 2136 800 2212 semota
825 2134 901 2209 ticli
920 2132 1016 2211 forte
1037 2144 1182 2225 preten-
1208 2128 1211 2136 '

157 2261 312 2332 deretur
340 2254 399 2327 vel
425 2255 605 2331 diceretur
627 2257 727 2351 quod
753 2254 915 2332 redditus
948 2245 1089 2332 {ruilus
1120 2239 1182 2315 seu

157 2385 361 2471 proventus
383 2366 453 2463 jam
477 2386 564 2445 tunc
591 2371 763 2447 videlicet
779 2366 964 2445 solutionis
982 2362 1042 2439 seu
1064 2360 1180 2433 distri-

157 2484 317 2561 butionis
343 2498 509 2592 tempore
537 2486 700 2585 percepti
724 2484 785 2572 uel
807 2476 1031 2582 percipiendi
1050 2476 1096 2549 ad
1111 2471 1179 2554 hu.-

157 2600 316 2700 jusmodi
340 2601 552 2700 integralem
571 2599 858 2677 distributionem
873 2619 946 2673 non
962 2591 1178 2674 sufficerent,

154 2743 229 2817 quo
259 2715 362 2793 carrl'o
385 2719 553 2792 volumus
582 2718 617 2791 llo
646 2717 853 2794 ordinamus
877 2713 976 2812 quod
994 2708 1052 2783 hii
1064 2705 1125 2780 vel
1148 2703 1178 2779 is

154 2834 215 2909 cui
236 2833 293 2906 vel
318 2831 384 2922 orzi
406 2854 444 2904 us
469 2829 671 2908 distributio
698 2828 905 2929 hujusmodi
923 2818 1100 2901 incumbit
1122 2817 1178 2890 fo-

153 2945 283 3022 ciende
298 2946 334 3020 in
354 2969 387 3041 p:
400 2966 413 3014 r
432 2967 520 3016 enno
547 2945 603 3018 die
621 2942 1179 3040 Capitularipostquompropter

152 3053 365 3172 hujusmodi
387 3059 573 3134 delectum
596 3051 688 3156 ipsas
710 3057 891 3159 meriugos
906 3055 939 3149 ¹)
955 3072 1038 3128 curn
1060 3049 1178 3153 integ·

686 3165 769 3269 14'
966 3238 970 3245 .
1021 3167 1130 3247 'ritate

197 3367 245 3461 ἕ)
271 3369 432 3464 Meringa
446 3363 697 3436 ulias'mcrenda
713 3361 849 3449 dicitur,
869 3359 1038 3461 prandium
1058 3380 1176 3460 prime*

230 3463 417 3534 -ridionum
435 3467 478 3532 ita
515 3467 548 3531 in
575 3464 689 3534 Codice
719 3467 771 3537 M.
794 3467 826 3537 S.
848 3461 995 3556 Consum.
1030 3461 1180 3542 scelestae.

253 3561 446 3650 Coloniensi]
463 3558 583 3653 illibi.
609 3562 691 3630 Eccl.
712 3565 869 3631 Atrebate
901 3555 1074 3650 Proposito
1103 3559 1177 3622 bln-

200 3693 203 3703 ·
254 3661 318 3749 jori
337 3655 379 3726 od
394 3657 581 3754 Meringam
597 3659 690 3726 datur
708 3679 790 3724 onos
805 3653 953 3723 denarius
966 3658 999 3722 δι
1022 3650 1110 3721 albos
1125 3675 1177 3744 pa·

250 3759 302 3822 nis
324 3758 357 3824 &
379 3776 393 3826 1
419 3755 538 3850 Stupus
556 3758 634 3830 vini.
665 3755 787 3841 Maiori
809 3752 945 3820 Decano
963 3752 1026 3818 &u
1048 3743 1179 3814 cuilibet

250 3847 386 3921 illorum
411 3849 505 3919 datur
538 3853 692 3946 Meringa
720 3846 798 3920 fictu
832 3850 956 3937 Maiori
992 3839 1178 3938 Proposito.

252 3945 400 4047 Qilibct
425 3949 676 4018 obedientiarius
691 3951 820 4042 qtrondo
837 3948 950 4040 incipit
965 3939 1180 4011 dneolerin·

250 4069 350 4142 gam,
375 4062 450 4112 tunc
477 4047 629 4140 propinat
649 4040 791 4112 dominis
813 4040 1038 4133 cuinsextario
1055 4041 1120 4104 vini
1145 4040 1178 4103 in

250 4142 355 4211 tribus
374 4150 501 4239 rnoguis
520 4139 590 4214 cifis
608 4144 641 4211 ὅ(
656 4143 787 4238 quairdo
804 4145 993 4213 terminetur
1012 4136 1178 4229 Meriogo,

1067 4253 1131 4331 pl'o
