2984 5100
131 658 167 733 de
184 642 347 733 consensu
371 646 586 727 dilediorum
602 648 640 727 in
653 648 795 726 Christo
816 644 955 725 Datami
974 638 1134 743 &Copia
1231 652 1235 659 “

132 774 187 850 tuh
199 766 339 848 ecclesie
364 762 399 841 S
423 766 618 843 Kuniberti
646 762 833 843 colonien.
860 764 1032 899 quasdam
1048 784 1134 859 per

132 888 214 965 sonas
240 886 285 963 ad
311 882 540 963 canonicatus
566 881 601 957 dr
630 882 853 978 prebendas,
883 900 965 955 cum
991 880 1028 957 in
1057 877 1134 976 ipsa

133 1000 255 1081 eccieiia
282 998 403 1078 Sentii
427 996 611 1073 Kandara
629 998 675 1073 ad
694 997 733 1073 id
755 995 791 1073 se
810 995 963 1073 facultas
986 986 1134 1073 offerret

133 1116 395 1206 nominavimus,
420 1112 465 1189 ac
489 1109 580 1209 ipsas
593 1108 765 1209 personas
778 1126 857 1189 tum
877 1112 1052 1208 temporis
1072 1132 1132 1186 re-

134 1237 190 1332 cipi
202 1238 243 1313 ad
258 1238 402 1314 easdem
416 1232 617 1329 prebendas
633 1229 697 1307 sub
711 1233 867 1329 quodam
884 1246 984 1309 certo
1004 1234 1133 1309 ordine

133 1350 282 1447 fecimus,
305 1348 343 1427 dr
371 1372 453 1425 curn
476 1346 677 1424 authoritas
694 1347 928 1427 ordinationis
942 1344 1130 1445 hujusmo-

133 1468 159 1539 di
172 1490 229 1564 per
242 1470 389 1545 eosdem
404 1467 593 1543 Decanum
609 1464 644 1541 de
661 1462 868 1562 Capitulum
884 1466 1001 1543 Sardi
1015 1466 1130 1543 Koni-

133 1579 202 1656 ieni
215 1585 248 1659 in
262 1594 326 1663 nos
342 1578 519 1659 transfusa
537 1580 643 1675 esset,
667 1582 937 1678 perceperimus
956 1582 1019 1659 sub
1035 1605 1130 1680 pena

132 1696 492 1791 excommunicationis
517 1717 625 1793 quam
651 1696 689 1771 in
708 1696 931 1773 contrarium
959 1698 1129 1774 iacientes

135 1812 229 1890 verbo
246 1816 304 1893 vel
319 1814 418 1891 fatto
432 1814 648 1891 ordinationi
662 1814 780 1891 nostre
800 1815 843 1889 de
857 1814 1029 1911 predidiis
1044 1837 1130 1910 pre·

134 1920 236 2009 iendis
260 1922 571 2022 sacroscriptis
592 1924 761 2020 triduum
796 1922 908 2024 ipsam
933 1927 1131 2017 ordinatim

134 2065 198 2117 nen
221 2042 292 2123 slve
314 2044 436 2123 ornrsra
466 2042 660 2146 definguia
680 2066 749 2139 per
769 2061 833 2119 nos
855 2046 954 2121 circa
980 2050 1131 2121 eandem

137 2159 375 2240 ordinationem
395 2160 457 2242 seu
482 2158 741 2259 susceptionem
762 2160 858 2238 facta
881 2162 1037 2241 firmiter
1064 2163 1131 2238 ob·

136 2268 258 2353 servari
263 2282 425 2363 decreto
456 2272 577 2355 nostro
606 2278 860 2373 nichilominus
895 2276 1130 2375 interpositae·

137 2388 235 2483 quodsi
250 2396 367 2493 quid
355 2418 393 2473 ιιι
408 2395 630 2471 sonnatium
642 2408 943 2492 attemptatum,
967 2391 1130 2472 hocfore
1209 2465 1211 2470 ,

137 2496 257 2584 initum
282 2510 353 2586 dr
342 2520 467 2586 inane':
498 2508 610 2606 prout
642 2502 680 2586 iit
704 2510 851 2590 Litteris
877 2524 952 2588 tam
974 2512 1127 2602 nostris,
1261 2538 1265 2542 ’

138 2607 220 2714 qiam
138 2631 468 2726 oprefatorum
492 2627 682 2708 Decanidz
703 2629 863 2730 Capinssi
878 2628 1021 2710 eecrene
1040 2632 1130 2742 San

140 2737 180 2810 iii
190 2741 366 2823 domberti
391 2743 501 2862 super
512 2745 588 2823 hec
610 2743 783 2824 confertis
803 2747 944 2842 plenius
967 2723 1130 2824 contine}

138 2863 203 2951 tur,
223 2883 386 2962 nuncque
414 2865 451 2940 in
474 2852 549 2960 ipsa
567 2859 712 2940 ecclesia
738 2861 1060 2961 Seruilianum
1084 2846 1131 2937 eit

139 2988 231 3052 morte
250 2979 347 3055 Ricol
330 2981 399 3079 ipio·
417 2984 457 3094 de
470 2979 586 3082 aquila
603 2980 783 3078 quondam
799 2983 961 3061 canonici
949 2983 1131 3081 quedam

138 3091 294 3199 prebenda
307 3085 440 3202 uacet,v
464 3103 617 3176 Gerardo
634 3115 719 3178 nato
744 3084 910 3180 iilmanni
923 3103 968 3179 de
980 3101 1131 3202 paron&

138 3227 221 3302 quem
239 3220 284 3294 ad
299 3219 559 3299 Canonicatum
576 3220 861 3326 &prebendam
882 3247 929 3300 ex
951 3238 1036 3298 tunc
1051 3225 1131 3320 post

138 3325 267 3409 nostram
283 3335 546 3414 orditationem
561 3313 761 3436 preditum
775 3340 884 3415 tertio
899 3339 1005 3415 loco
995 3361 1032 3414 m
1045 3361 1131 3435 pre·

138 3427 196 3514 fata
166 3449 354 3529 tecclesra
376 3465 567 3528 vacaturos
586 3451 875 3547 nominavimus,
901 3451 996 3531 dein
1021 3455 1129 3532 οιιιοὲ

139 3548 236 3632 nicom
251 3579 383 3666 atque
387 3556 548 3642 fratrem
567 3563 725 3664 ejusdem
747 3565 891 3646 ecclesie
926 3565 1149 3666 recepimus·

140 3681 173 3735 tx
186 3665 239 3745 suo
253 3681 466 3780 receptionis
490 3683 616 3760 ordine
638 3671 899 3777 competens&
920 3686 1074 3774 debens,
1094 3681 1132 3760 da

141 3797 226 3872 quem
238 3813 279 3869 ex
292 3797 389 3876 dieto
407 3799 531 3899 ordine
551 3817 675 3898 recept
677 3801 768 3875 ionis
786 3797 848 3876 sue
864 3797 930 3875 sibi
949 3816 1132 3896 compete-

142 3911 170 3968 re
184 3902 364 3994 deceroim
352 3941 452 4016 rersp
455 3937 475 3994 r
499 3916 710 4020 presentes
731 3941 795 3994 uos
814 3920 894 3992 voi
884 3932 975 3994 ntes
993 3918 1133 3993 dicium

145 4007 308 4102 Getarum
330 4031 490 4108 investiri
514 4031 648 4143 deipsa
668 4034 875 4132 prebenda,
900 4031 987 4108 dein
1001 4051 1132 4126 corpo·

143 4125 232 4212 1218111
242 4139 500 4246 poffeiiionem
524 4147 701 4250 ejusdem
719 4149 838 4248 mitti,
886 4145 954 4224 tibi
983 4147 1132 4223 Decano

638 4263 669 4340 E
694 4285 713 4354 3
800 4292 820 4317 s
918 4263 1104 4365 preditis
