<?xml version="1.0" encoding="UTF-8"?>
<!DOCTYPE html PUBLIC "-//W3C//DTD XHTML 1.0 Transitional//EN"
    "http://www.w3.org/TR/xhtml1/DTD/xhtml1-transitional.dtd">
<html xmlns="http://www.w3.org/1999/xhtml" xml:lang="en" lang="en">
 <head>
  <title>
</title>
<meta http-equiv="Content-Type" content="text/html;charset=utf-8" />
  <meta name='ocr-system' content='tesseract 3.04.00' />
  <meta name='ocr-capabilities' content='ocr_page ocr_carea ocr_par ocr_line ocrx_word'/>
</head>
<body>
  <div class='ocr_page' id='page_1' title='image "./subsidiadiploma01wrgoog_0163.png"; bbox 0 0 2984 5100; ppageno 0'>
   <div class='ocr_carea' id='block_1_1' title="bbox 462 493 1180 599">
    <p class='ocr_par' dir='ltr' id='par_1_1' title="bbox 462 458 1180 599">
     <span class='ocr_line' id='line_1_1' title="bbox 462 493 1180 599; baseline 0.004 -38"><span class='ocrx_word' id='word_1_1' title='bbox 462 500 808 566; x_wconf 19' lang='lat' dir='ltr'>emerammi</span> <span class='ocrx_word' id='word_1_2' title='bbox 1022 493 1180 599; x_wconf 28' lang='lat'>189*</span> 
     </span>
    </p>
   </div>
   <div class='ocr_carea' id='block_1_2' title="bbox 116 686 1248 4168">
    <p class='ocr_par' dir='ltr' id='par_1_2' title="bbox 116 686 1248 4168">
     <span class='ocr_line' id='line_1_2' title="bbox 116 686 1138 810; baseline 0.009 -40"><span class='ocrx_word' id='word_1_3' title='bbox 116 714 236 770; x_wconf 87' lang='lat' dir='ltr'>corum</span> <span class='ocrx_word' id='word_1_4' title='bbox 257 686 309 769; x_wconf 88' lang='lat' dir='ltr'>ad</span> <span class='ocrx_word' id='word_1_5' title='bbox 335 712 408 810; x_wconf 88' lang='lat' dir='ltr'>que</span> <span class='ocrx_word' id='word_1_6' title='bbox 434 689 609 768; x_wconf 83' lang='lat' dir='ltr'>officiales</span> <span class='ocrx_word' id='word_1_7' title='bbox 621 691 786 789; x_wconf 87' lang='lat' dir='ltr'>capitulis</span> <span class='ocrx_word' id='word_1_8' title='bbox 810 691 931 771; x_wconf 86' lang='lat' dir='ltr'>eccles</span> <span class='ocrx_word' id='word_1_9' title='bbox 919 715 1037 774; x_wconf 85' lang='lat' dir='ltr'>arum</span> <span class='ocrx_word' id='word_1_10' title='bbox 1058 696 1138 779; x_wconf 84' lang='lat' dir='ltr'>sua</span> 
     </span>
     <span class='ocr_line' id='line_1_3' title="bbox 116 789 1138 917; baseline 0.006 -32"><span class='ocrx_word' id='word_1_11' title='bbox 116 830 190 885; x_wconf 88' lang='lat' dir='ltr'>rum</span> <span class='ocrx_word' id='word_1_12' title='bbox 214 789 439 909; x_wconf 80' lang='lat' dir='ltr'>obligantur</span> <span class='ocrx_word' id='word_1_13' title='bbox 463 805 690 917; x_wconf 79' lang='lat' dir='ltr'>precipimun</span> <span class='ocrx_word' id='word_1_14' title='bbox 707 823 782 884; x_wconf 88' lang='lat' dir='ltr'>tam</span> <span class='ocrx_word' id='word_1_15' title='bbox 811 808 864 884; x_wconf 90' lang='lat' dir='ltr'>in</span> <span class='ocrx_word' id='word_1_16' title='bbox 878 808 1007 906; x_wconf 82' lang='lat' dir='ltr'>majori</span> <span class='ocrx_word' id='word_1_17' title='bbox 1028 837 1138 911; x_wconf 88' lang='lat' dir='ltr'>quam</span> 
     </span>
     <span class='ocr_line' id='line_1_4' title="bbox 116 909 1138 1005; baseline 0.003 -3"><span class='ocrx_word' id='word_1_18' title='bbox 116 924 148 1003; x_wconf 89' lang='lat' dir='ltr'>in</span> <span class='ocrx_word' id='word_1_19' title='bbox 162 924 239 999; x_wconf 89' lang='lat' dir='ltr'>aliis</span> <span class='ocrx_word' id='word_1_20' title='bbox 256 920 421 999; x_wconf 86' lang='lat' dir='ltr'>civitatis</span> <span class='ocrx_word' id='word_1_21' title='bbox 442 920 476 997; x_wconf 81' lang='lat' dir='ltr'>dc</span> <span class='ocrx_word' id='word_1_22' title='bbox 496 909 642 1001; x_wconf 82' lang='lat' dir='ltr'>diocesis</span> <span class='ocrx_word' id='word_1_23' title='bbox 658 921 877 1000; x_wconf 84' lang='lat' dir='ltr'>Colonieniis</span> <span class='ocrx_word' id='word_1_24' title='bbox 892 923 1045 1003; x_wconf 86' lang='lat' dir='ltr'>ecclesus</span> <span class='ocrx_word' id='word_1_25' title='bbox 1052 949 1138 1005; x_wconf 87' lang='lat' dir='ltr'>con</span> 
     </span>
     <span class='ocr_line' id='line_1_5' title="bbox 116 1034 1141 1136; baseline -0.008 -23"><span class='ocrx_word' id='word_1_26' title='bbox 116 1038 205 1113; x_wconf 89' lang='lat' dir='ltr'>stitt</span> <span class='ocrx_word' id='word_1_27' title='bbox 153 1052 189 1111; x_wconf 93' lang='lat' dir='ltr'>tu</span> <span class='ocrx_word' id='word_1_28' title='bbox 190 1036 310 1115; x_wconf 88' lang='lat' dir='ltr'>tiones</span> <span class='ocrx_word' id='word_1_29' title='bbox 347 1036 518 1133; x_wconf 86' lang='lat' dir='ltr'>quasdam</span> <span class='ocrx_word' id='word_1_30' title='bbox 539 1034 600 1113; x_wconf 83' lang='lat' dir='ltr'>bo.</span> <span class='ocrx_word' id='word_1_31' title='bbox 629 1042 712 1124; x_wconf 60' lang='lat' dir='ltr'>met</span> <span class='ocrx_word' id='word_1_32' title='bbox 734 1034 906 1110; x_wconf 69' lang='lat' dir='ltr'>friderici</span> <span class='ocrx_word' id='word_1_33' title='bbox 943 1037 1141 1136; x_wconf 84' lang='lat' dir='ltr'>Archiepi.</span> 
     </span>
     <span class='ocr_line' id='line_1_6' title="bbox 116 1148 1139 1253; baseline 0.004 -26"><span class='ocrx_word' id='word_1_34' title='bbox 116 1150 204 1249; x_wconf 84' lang='lat' dir='ltr'>scopi</span> <span class='ocrx_word' id='word_1_35' title='bbox 230 1148 460 1229; x_wconf 86' lang='lat' dir='ltr'>Coloniensrs</span> <span class='ocrx_word' id='word_1_36' title='bbox 484 1148 547 1228; x_wconf 84' lang='lat' dir='ltr'>sub</span> <span class='ocrx_word' id='word_1_37' title='bbox 564 1150 668 1253; x_wconf 16' lang='lat' dir='ltr'>penis*</span> <span class='ocrx_word' id='word_1_38' title='bbox 687 1148 778 1225; x_wconf 89' lang='lat' dir='ltr'>inibi</span> <span class='ocrx_word' id='word_1_39' title='bbox 790 1149 965 1227; x_wconf 85' lang='lat' dir='ltr'>contentis</span> <span class='ocrx_word' id='word_1_40' title='bbox 982 1151 1139 1231; x_wconf 87' lang='lat' dir='ltr'>inviola-</span> 
     </span>
     <span class='ocr_line' id='line_1_7' title="bbox 117 1260 1143 1365; baseline 0.004 -24"><span class='ocrx_word' id='word_1_41' title='bbox 117 1268 229 1349; x_wconf 76' lang='lat' dir='ltr'>biliter</span> <span class='ocrx_word' id='word_1_42' title='bbox 246 1264 444 1347; x_wconf 86' lang='lat' dir='ltr'>observari</span> <span class='ocrx_word' id='word_1_43' title='bbox 461 1288 614 1365; x_wconf 87' lang='lat' dir='ltr'>quarum</span> <span class='ocrx_word' id='word_1_44' title='bbox 630 1266 735 1344; x_wconf 83' lang='lat' dir='ltr'>te&#39;nor</span> <span class='ocrx_word' id='word_1_45' title='bbox 745 1260 907 1361; x_wconf 89' lang='lat' dir='ltr'>sequitur</span> <span class='ocrx_word' id='word_1_46' title='bbox 920 1265 957 1341; x_wconf 76' lang='lat' dir='ltr'>dt</span> <span class='ocrx_word' id='word_1_47' title='bbox 971 1266 1022 1343; x_wconf 90' lang='lat' dir='ltr'>est</span> <span class='ocrx_word' id='word_1_48' title='bbox 1036 1268 1143 1350; x_wconf 69' lang='lat' dir='ltr'>taliae</span> 
     </span>
     <span class='ocr_line' id='line_1_8' title="bbox 117 1376 1138 1469; baseline -0.001 -2"><span class='ocrx_word' id='word_1_49' title='bbox 117 1387 275 1469; x_wconf 82' lang='lat' dir='ltr'>Preterea</span> <span class='ocrx_word' id='word_1_50' title='bbox 292 1390 335 1467; x_wconf 92' lang='lat' dir='ltr'>in</span> <span class='ocrx_word' id='word_1_51' title='bbox 355 1388 493 1468; x_wconf 89' lang='lat' dir='ltr'>virtute</span> <span class='ocrx_word' id='word_1_52' title='bbox 505 1384 625 1468; x_wconf 72' lang='lat' dir='ltr'>sande</span> <span class='ocrx_word' id='word_1_53' title='bbox 642 1376 845 1466; x_wconf 78' lang='lat' dir='ltr'>obedientie</span> <span class='ocrx_word' id='word_1_54' title='bbox 859 1382 896 1463; x_wconf 75' lang='lat' dir='ltr'>dc</span> <span class='ocrx_word' id='word_1_55' title='bbox 909 1381 974 1462; x_wconf 86' lang='lat' dir='ltr'>sub</span> <span class='ocrx_word' id='word_1_56' title='bbox 991 1410 1138 1467; x_wconf 81' lang='lat' dir='ltr'>excom-</span> 
     </span>
     <span class='ocr_line' id='line_1_9' title="bbox 118 1497 1239 1607; baseline 0 -18"><span class='ocrx_word' id='word_1_57' title='bbox 118 1497 366 1591; x_wconf 81' lang='lat' dir='ltr'>municationis</span> <span class='ocrx_word' id='word_1_58' title='bbox 381 1530 474 1607; x_wconf 85' lang='lat' dir='ltr'>pena</span> <span class='ocrx_word' id='word_1_59' title='bbox 498 1507 654 1592; x_wconf 76' lang='lat' dir='ltr'>distriiie</span> <span class='ocrx_word' id='word_1_60' title='bbox 670 1506 904 1605; x_wconf 86' lang='lat' dir='ltr'>precipiendo</span> <span class='ocrx_word' id='word_1_61' title='bbox 923 1512 1141 1590; x_wconf 72' lang='lat' dir='ltr'>mandamus¹</span> <span class='ocrx_word' id='word_1_62' title='bbox 1234 1555 1239 1572; x_wconf 59' lang='grc' dir='ltr'>ι</span> 
     </span>
     <span class='ocr_line' id='line_1_10' title="bbox 120 1620 1134 1725; baseline 0.004 -27"><span class='ocrx_word' id='word_1_63' title='bbox 120 1624 274 1701; x_wconf 84' lang='lat' dir='ltr'>omnibus</span> <span class='ocrx_word' id='word_1_64' title='bbox 300 1624 344 1703; x_wconf 72' lang='lat' dir='ltr'>dr</span> <span class='ocrx_word' id='word_1_65' title='bbox 364 1623 510 1725; x_wconf 82' lang='lat' dir='ltr'>fingulis</span> <span class='ocrx_word' id='word_1_66' title='bbox 524 1624 703 1703; x_wconf 87' lang='lat' dir='ltr'>canonicis</span> <span class='ocrx_word' id='word_1_67' title='bbox 726 1620 926 1718; x_wconf 86' lang='lat' dir='ltr'>ceterisque</span> <span class='ocrx_word' id='word_1_68' title='bbox 941 1622 1134 1703; x_wconf 83' lang='lat' dir='ltr'>beneficia·</span> 
     </span>
     <span class='ocr_line' id='line_1_11' title="bbox 120 1733 1136 1837; baseline 0.006 -25"><span class='ocrx_word' id='word_1_69' title='bbox 120 1740 157 1813; x_wconf 83' lang='grc' dir='ltr'>ιἰι</span> <span class='ocrx_word' id='word_1_70' title='bbox 177 1740 355 1819; x_wconf 86' lang='lat' dir='ltr'>innostra</span> <span class='ocrx_word' id='word_1_71' title='bbox 370 1737 501 1835; x_wconf 84' lang='lat' dir='ltr'>majori</span> <span class='ocrx_word' id='word_1_72' title='bbox 516 1736 549 1813; x_wconf 77' lang='lat' dir='ltr'>dr</span> <span class='ocrx_word' id='word_1_73' title='bbox 565 1738 602 1814; x_wconf 94' lang='lat' dir='ltr'>in</span> <span class='ocrx_word' id='word_1_74' title='bbox 615 1735 694 1813; x_wconf 87' lang='lat' dir='ltr'>aliis</span> <span class='ocrx_word' id='word_1_75' title='bbox 716 1733 916 1837; x_wconf 80' lang='lat' dir='ltr'><strong>collegiatis</strong></span> <span class='ocrx_word' id='word_1_76' title='bbox 931 1736 1136 1818; x_wconf 87' lang='lat' dir='ltr'>nostrarum</span> 
     </span>
     <span class='ocr_line' id='line_1_12' title="bbox 121 1848 1134 1961; baseline -0.008 -26"><span class='ocrx_word' id='word_1_77' title='bbox 121 1855 259 1935; x_wconf 87' lang='lat' dir='ltr'>civitatis</span> <span class='ocrx_word' id='word_1_78' title='bbox 309 1854 348 1931; x_wconf 76' lang='lat' dir='ltr'>dc</span> <span class='ocrx_word' id='word_1_79' title='bbox 391 1852 536 1935; x_wconf 82' lang='lat' dir='ltr'>diocesis</span> <span class='ocrx_word' id='word_1_80' title='bbox 558 1850 731 1961; x_wconf 79' lang='lat' dir='ltr'>¹ecclessis</span> <span class='ocrx_word' id='word_1_81' title='bbox 769 1848 807 1928; x_wconf 79' lang='lat' dir='ltr'>dc</span> <span class='ocrx_word' id='word_1_82' title='bbox 850 1872 980 1932; x_wconf 85' lang='lat' dir='ltr'>comm</span> <span class='ocrx_word' id='word_1_83' title='bbox 1026 1852 1134 1929; x_wconf 76' lang='lat' dir='ltr'>cuili-</span> 
     </span>
     <span class='ocr_line' id='line_1_13' title="bbox 122 1962 1134 2077; baseline 0.005 -29"><span class='ocrx_word' id='word_1_84' title='bbox 122 1972 173 2049; x_wconf 86' lang='lat' dir='ltr'>bet</span> <span class='ocrx_word' id='word_1_85' title='bbox 198 1971 447 2073; x_wconf 83' lang='lat' dir='ltr'>tujuscunque</span> <span class='ocrx_word' id='word_1_86' title='bbox 480 1972 591 2050; x_wconf 82' lang='lat' dir='ltr'>status</span> <span class='ocrx_word' id='word_1_87' title='bbox 622 1968 805 2077; x_wconf 86' lang='lat' dir='ltr'>dignitatis</span> <span class='ocrx_word' id='word_1_88' title='bbox 828 1962 890 2050; x_wconf 81' lang='lat' dir='ltr'>scu</span> <span class='ocrx_word' id='word_1_89' title='bbox 917 1966 1134 2053; x_wconf 83' lang='lat' dir='ltr'>conditionis</span> 
     </span>
     <span class='ocr_line' id='line_1_14' title="bbox 125 2080 1248 2192; baseline 0.002 -27"><span class='ocrx_word' id='word_1_90' title='bbox 125 2090 259 2169; x_wconf 81' lang='lat' dir='ltr'>existant</span> <span class='ocrx_word' id='word_1_91' title='bbox 275 2090 343 2192; x_wconf 90' lang='lat' dir='ltr'>qui</span> <span class='ocrx_word' id='word_1_92' title='bbox 360 2089 397 2168; x_wconf 88' lang='lat' dir='ltr'>iu</span> <span class='ocrx_word' id='word_1_93' title='bbox 417 2086 559 2168; x_wconf 88' lang='lat' dir='ltr'>ratione</span> <span class='ocrx_word' id='word_1_94' title='bbox 587 2088 811 2185; x_wconf 71' lang='lat' dir='ltr'>&amp;computu</span> <span class='ocrx_word' id='word_1_95' title='bbox 836 2080 1003 2165; x_wconf 88' lang='lat' dir='ltr'>faciendo</span> <span class='ocrx_word' id='word_1_96' title='bbox 1022 2090 1136 2167; x_wconf 86' lang='lat' dir='ltr'>ratiu-</span> <span class='ocrx_word' id='word_1_97' title='bbox 1240 2115 1248 2133; x_wconf 54' lang='grc' dir='ltr'>ι</span> 
     </span>
     <span class='ocr_line' id='line_1_15' title="bbox 123 2197 1138 2303; baseline 0.005 -20"><span class='ocrx_word' id='word_1_98' title='bbox 123 2231 159 2283; x_wconf 88' lang='lat' dir='ltr'>ne</span> <span class='ocrx_word' id='word_1_99' title='bbox 180 2203 383 2289; x_wconf 88' lang='lat' dir='ltr'>officiorum</span> <span class='ocrx_word' id='word_1_100' title='bbox 398 2206 469 2289; x_wconf 75' lang='lat' dir='ltr'>sibi</span> <span class='ocrx_word' id='word_1_101' title='bbox 486 2204 708 2286; x_wconf 78' lang='lat' dir='ltr'>hadienus&#39;a</span> <span class='ocrx_word' id='word_1_102' title='bbox 726 2197 957 2303; x_wconf 83' lang='lat' dir='ltr'>capitulosuu</span> <span class='ocrx_word' id='word_1_103' title='bbox 973 2208 1138 2289; x_wconf 62' lang='lat' dir='ltr'>commis}</span> 
     </span>
     <span class='ocr_line' id='line_1_16' title="bbox 124 2321 1209 2427; baseline 0.009 -29"><span class='ocrx_word' id='word_1_104' title='bbox 124 2321 287 2403; x_wconf 77' lang='lat' dir='ltr'>summac</span> <span class='ocrx_word' id='word_1_105' title='bbox 315 2326 433 2427; x_wconf 90' lang='lat' dir='ltr'>quiin</span> <span class='ocrx_word' id='word_1_106' title='bbox 448 2325 617 2423; x_wconf 75' lang='lat' dir='ltr'>pensione</span> <span class='ocrx_word' id='word_1_107' title='bbox 636 2322 826 2405; x_wconf 67' lang='lat' dir='ltr'>affictuum</span> <span class='ocrx_word' id='word_1_108' title='bbox 849 2322 1057 2404; x_wconf 85' lang='lat' dir='ltr'>reddituum</span> <span class='ocrx_word' id='word_1_109' title='bbox 1072 2323 1135 2424; x_wconf 88' lang='lat' dir='ltr'>seu</span> <span class='ocrx_word' id='word_1_110' title='bbox 1204 2348 1209 2355; x_wconf 88' lang='grc'><strong><em>·</em></strong></span> 
     </span>
     <span class='ocr_line' id='line_1_17' title="bbox 125 2441 1134 2549; baseline 0.01 -32"><span class='ocrx_word' id='word_1_111' title='bbox 125 2445 343 2537; x_wconf 80' lang='lat' dir='ltr'>pecuniarum</span> <span class='ocrx_word' id='word_1_112' title='bbox 359 2444 505 2525; x_wconf 88' lang='lat' dir='ltr'>summis</span> <span class='ocrx_word' id='word_1_113' title='bbox 527 2444 624 2527; x_wconf 73' lang='lat' dir='ltr'>dieto</span> <span class='ocrx_word' id='word_1_114' title='bbox 640 2444 799 2543; x_wconf 86' lang='lat' dir='ltr'>capitulo</span> <span class='ocrx_word' id='word_1_115' title='bbox 815 2441 888 2521; x_wconf 87' lang='lat' dir='ltr'>sme</span> <span class='ocrx_word' id='word_1_116' title='bbox 902 2444 1042 2523; x_wconf 75' lang='lat' dir='ltr'>ratione</span> <span class='ocrx_word' id='word_1_117' title='bbox 1051 2450 1134 2549; x_wconf 90' lang='lat' dir='ltr'>pos</span> 
     </span>
     <span class='ocr_line' id='line_1_18' title="bbox 127 2555 1169 2682; baseline 0.014 -47"><span class='ocrx_word' id='word_1_118' title='bbox 127 2555 290 2646; x_wconf 71' lang='lat' dir='ltr'>serdonum</span> <span class='ocrx_word' id='word_1_119' title='bbox 316 2569 479 2648; x_wconf 86' lang='lat' dir='ltr'>curtium</span> <span class='ocrx_word' id='word_1_120' title='bbox 500 2565 722 2682; x_wconf 85' lang='lat' dir='ltr'>decimarum</span> <span class='ocrx_word' id='word_1_121' title='bbox 744 2566 941 2647; x_wconf 85' lang='lat' dir='ltr'>dumorum</span> <span class='ocrx_word' id='word_1_122' title='bbox 963 2565 1135 2650; x_wconf 86' lang='lat' dir='ltr'>obedien·</span> <span class='ocrx_word' id='word_1_123' title='bbox 1155 2611 1169 2626; x_wconf 94' lang='lat'>·-</span> 
     </span>
     <span class='ocr_line' id='line_1_19' title="bbox 127 2665 1134 2862; baseline 0.012 -114"><span class='ocrx_word' id='word_1_124' title='bbox 127 2675 240 2862; x_wconf 68' lang='lat' dir='ltr'>tsiamm</span> <span class='ocrx_word' id='word_1_125' title='bbox 272 2665 527 2786; x_wconf 78' lang='lat' dir='ltr'>meringarum</span> <span class='ocrx_word' id='word_1_126' title='bbox 560 2680 742 2760; x_wconf 86' lang='lat' dir='ltr'>bonorum</span> <span class='ocrx_word' id='word_1_127' title='bbox 768 2680 1008 2761; x_wconf 87' lang='lat' dir='ltr'>reddituum</span> <span class='ocrx_word' id='word_1_128' title='bbox 995 2684 1134 2786; x_wconf 85' lang='lat' dir='ltr'>Juriurn</span> 
     </span>
     <span class='ocr_line' id='line_1_20' title="bbox 127 2786 1131 2896; baseline 0.013 -30.339"><span class='ocrx_word' id='word_1_129' title='bbox 127 2786 174 2866; x_wconf 93' lang='lat' dir='ltr'>u</span> <span class='ocrx_word' id='word_1_130' title='bbox 139 2787 391 2877; x_wconf 81' lang='lat' dir='ltr'>officiorum</span> <span class='ocrx_word' id='word_1_131' title='bbox 409 2813 473 2876; x_wconf 87' lang='lat' dir='ltr'>aut</span> <span class='ocrx_word' id='word_1_132' title='bbox 491 2797 580 2876; x_wconf 83' lang='lat' dir='ltr'>alias</span> <span class='ocrx_word' id='word_1_133' title='bbox 599 2817 813 2896; x_wconf 85' lang='lat' dir='ltr'>quacunque</span> <span class='ocrx_word' id='word_1_134' title='bbox 828 2792 919 2892; x_wconf 83' lang='lat' dir='ltr'>justa</span> <span class='ocrx_word' id='word_1_135' title='bbox 938 2795 1043 2880; x_wconf 87' lang='lat' dir='ltr'>eausa</span> <span class='ocrx_word' id='word_1_136' title='bbox 1068 2802 1131 2878; x_wconf 88' lang='lat' dir='ltr'>de-</span> 
     </span>
     <span class='ocr_line' id='line_1_21' title="bbox 127 2902 1131 2996; baseline 0.02 -20"><span class='ocrx_word' id='word_1_137' title='bbox 127 2902 264 2990; x_wconf 85' lang='lat' dir='ltr'>bitorum</span> <span class='ocrx_word' id='word_1_138' title='bbox 284 2911 349 2996; x_wconf 88' lang='lat' dir='ltr'>scu</span> <span class='ocrx_word' id='word_1_139' title='bbox 374 2911 579 2994; x_wconf 88' lang='lat' dir='ltr'>debitarum</span> <span class='ocrx_word' id='word_1_140' title='bbox 604 2909 819 2990; x_wconf 82' lang='lat' dir='ltr'>solutionem</span> <span class='ocrx_word' id='word_1_141' title='bbox 848 2911 1022 2992; x_wconf 73' lang='lat' dir='ltr'>haetenus</span> <span class='ocrx_word' id='word_1_142' title='bbox 1050 2913 1131 2996; x_wconf 85' lang='lat' dir='ltr'>fue·</span> 
     </span>
     <span class='ocr_line' id='line_1_22' title="bbox 128 3017 1217 3130; baseline 0.01 -30"><span class='ocrx_word' id='word_1_143' title='bbox 128 3017 1217 3130; x_wconf 45' lang='grc' dir='ltr'>ιΜΜἪΜωΜΜΜΜΜ,</span> 
     </span>
     <span class='ocr_line' id='line_1_23' title="bbox 130 3139 1130 3262; baseline 0.021 -52"><span class='ocrx_word' id='word_1_144' title='bbox 130 3141 197 3212; x_wconf 85' lang='lat' dir='ltr'>uel</span> <span class='ocrx_word' id='word_1_145' title='bbox 187 3165 221 3222; x_wconf 91' lang='grc' dir='ltr'>ιιι</span> <span class='ocrx_word' id='word_1_146' title='bbox 235 3163 339 3246; x_wconf 90' lang='lat' dir='ltr'>parte</span> <span class='ocrx_word' id='word_1_147' title='bbox 359 3162 533 3262; x_wconf 88' lang='lat' dir='ltr'>quatenus</span> <span class='ocrx_word' id='word_1_148' title='bbox 550 3139 644 3226; x_wconf 84' lang='lat' dir='ltr'>infra</span> <span class='ocrx_word' id='word_1_149' title='bbox 659 3145 919 3250; x_wconf 75' lang='lat' dir='ltr'>quinquaginta</span> <span class='ocrx_word' id='word_1_150' title='bbox 941 3147 1014 3225; x_wconf 88' lang='lat' dir='ltr'>dies</span> <span class='ocrx_word' id='word_1_151' title='bbox 1043 3173 1130 3231; x_wconf 88' lang='lat' dir='ltr'>con</span> 
     </span>
     <span class='ocr_line' id='line_1_24' title="bbox 129 3249 1129 3373; baseline 0.021 -49.298"><span class='ocrx_word' id='word_1_152' title='bbox 129 3249 225 3334; x_wconf 88' lang='lat' dir='ltr'>tinuus</span> <span class='ocrx_word' id='word_1_153' title='bbox 243 3285 265 3338; x_wconf 87' lang='lat' dir='ltr'>a</span> <span class='ocrx_word' id='word_1_154' title='bbox 280 3266 337 3342; x_wconf 89' lang='lat' dir='ltr'>die</span> <span class='ocrx_word' id='word_1_155' title='bbox 358 3253 612 3362; x_wconf 64' lang='lat' dir='ltr'>publicationis</span> <span class='ocrx_word' id='word_1_156' title='bbox 642 3257 863 3373; x_wconf 87' lang='lat' dir='ltr'>presentium</span> <span class='ocrx_word' id='word_1_157' title='bbox 887 3268 1129 3345; x_wconf 83' lang='lat' dir='ltr'>numerandos</span> 
     </span>
     <span class='ocr_line' id='line_1_25' title="bbox 131 3361 1128 3476; baseline 0.014 -32"><span class='ocrx_word' id='word_1_158' title='bbox 131 3361 312 3461; x_wconf 85' lang='lat' dir='ltr'>hujusmodi</span> <span class='ocrx_word' id='word_1_159' title='bbox 337 3394 549 3476; x_wconf 88' lang='lat' dir='ltr'>computum</span> <span class='ocrx_word' id='word_1_160' title='bbox 572 3377 691 3456; x_wconf 78' lang='lat' dir='ltr'>&amp;rat</span> <span class='ocrx_word' id='word_1_161' title='bbox 665 3392 801 3456; x_wconf 78' lang='lat' dir='ltr'>tionem</span> <span class='ocrx_word' id='word_1_162' title='bbox 824 3375 959 3457; x_wconf 87' lang='lat' dir='ltr'>faciant</span> <span class='ocrx_word' id='word_1_163' title='bbox 985 3377 1128 3461; x_wconf 76' lang='lat' dir='ltr'>&amp;reli</span> 
     </span>
     <span class='ocr_line' id='line_1_26' title="bbox 131 3491 1198 3594; baseline 0.021 -42.356"><span class='ocrx_word' id='word_1_164' title='bbox 131 3499 185 3570; x_wconf 91' lang='lat' dir='ltr'>ua</span> <span class='ocrx_word' id='word_1_165' title='bbox 131 3493 347 3588; x_wconf 74' lang='lat' dir='ltr'>capitulo</span> <span class='ocrx_word' id='word_1_166' title='bbox 370 3491 435 3590; x_wconf 83' lang='lat' dir='ltr'>ipsr</span> <span class='ocrx_word' id='word_1_167' title='bbox 460 3493 648 3588; x_wconf 81' lang='lat' dir='ltr'>restituant</span> <span class='ocrx_word' id='word_1_168' title='bbox 670 3505 713 3571; x_wconf 86' lang='lat' dir='ltr'>ac</span> <span class='ocrx_word' id='word_1_169' title='bbox 737 3496 781 3570; x_wconf 89' lang='lat' dir='ltr'>de</span> <span class='ocrx_word' id='word_1_170' title='bbox 808 3491 1017 3593; x_wconf 80' lang='lat' dir='ltr'>hujusmodi</span> <span class='ocrx_word' id='word_1_171' title='bbox 1041 3519 1129 3594; x_wconf 85' lang='lat' dir='ltr'>pen·</span> <span class='ocrx_word' id='word_1_172' title='bbox 1196 3583 1198 3587; x_wconf 52' lang='grc'><em>,</em></span> 
     </span>
     <span class='ocr_line' id='line_1_27' title="bbox 130 3586 1204 3706; baseline 0.018 -42"><span class='ocrx_word' id='word_1_173' title='bbox 130 3586 259 3678; x_wconf 81' lang='lat' dir='ltr'>ionibus</span> <span class='ocrx_word' id='word_1_174' title='bbox 281 3603 460 3683; x_wconf 74' lang='lat' dir='ltr'>affidiibus</span> <span class='ocrx_word' id='word_1_175' title='bbox 490 3603 609 3685; x_wconf 86' lang='lat' dir='ltr'>reddit</span> <span class='ocrx_word' id='word_1_176' title='bbox 610 3603 689 3682; x_wconf 89' lang='lat' dir='ltr'>ibus</span> <span class='ocrx_word' id='word_1_177' title='bbox 717 3603 752 3680; x_wconf 81' lang='lat' dir='ltr'>dr</span> <span class='ocrx_word' id='word_1_178' title='bbox 774 3603 1011 3700; x_wconf 86' lang='lat' dir='ltr'>pecuniarum</span> <span class='ocrx_word' id='word_1_179' title='bbox 1032 3604 1128 3684; x_wconf 85' lang='lat' dir='ltr'>sum</span> <span class='ocrx_word' id='word_1_180' title='bbox 1201 3699 1204 3706; x_wconf 22' lang='grc' dir='ltr'>Ι</span> 
     </span>
     <span class='ocr_line' id='line_1_28' title="bbox 131 3707 1127 3822; baseline 0.024 -44"><span class='ocrx_word' id='word_1_181' title='bbox 131 3707 182 3784; x_wconf 83' lang='lat' dir='ltr'>nis</span> <span class='ocrx_word' id='word_1_182' title='bbox 197 3715 284 3798; x_wconf 76' lang='lat' dir='ltr'>diuo</span> <span class='ocrx_word' id='word_1_183' title='bbox 305 3725 425 3804; x_wconf 87' lang='lat' dir='ltr'>nostru</span> <span class='ocrx_word' id='word_1_184' title='bbox 443 3725 602 3822; x_wconf 83' lang='lat' dir='ltr'>capitulo</span> <span class='ocrx_word' id='word_1_185' title='bbox 619 3722 855 3822; x_wconf 82' lang='lat' dir='ltr'>plenariet</span> <span class='ocrx_word' id='word_1_186' title='bbox 803 3717 855 3797; x_wconf 89' lang='lat' dir='ltr'>sat</span> <span class='ocrx_word' id='word_1_187' title='bbox 856 3716 1019 3801; x_wconf 72' lang='lat' dir='ltr'>isfaciaut</span> <span class='ocrx_word' id='word_1_188' title='bbox 1040 3747 1127 3802; x_wconf 90' lang='lat' dir='ltr'>cum</span> 
     </span>
     <span class='ocr_line' id='line_1_29' title="bbox 132 3817 1246 3941; baseline 0.02 -49"><span class='ocrx_word' id='word_1_189' title='bbox 132 3817 202 3901; x_wconf 72' lang='lat' dir='ltr'>effu</span> <span class='ocrx_word' id='word_1_190' title='bbox 185 3830 263 3934; x_wconf 43' lang='lat' dir='ltr'>cup</span> <span class='ocrx_word' id='word_1_191' title='bbox 285 3839 445 3938; x_wconf 88' lang='lat' dir='ltr'>alioquin</span> <span class='ocrx_word' id='word_1_192' title='bbox 462 3839 517 3916; x_wconf 74' lang='lat' dir='ltr'>uie</span> <span class='ocrx_word' id='word_1_193' title='bbox 499 3839 563 3917; x_wconf 73' lang='lat' dir='ltr'>etis</span> <span class='ocrx_word' id='word_1_194' title='bbox 580 3834 846 3947; x_wconf 83' lang='lat' dir='ltr'>quinquaginta</span> <span class='ocrx_word' id='word_1_195' title='bbox 861 3833 986 3911; x_wconf 90' lang='lat' dir='ltr'>diebus</span> <span class='ocrx_word' id='word_1_196' title='bbox 999 3835 1124 3932; x_wconf 77' lang='lat' dir='ltr'>eiapds</span> <span class='ocrx_word' id='word_1_197' title='bbox 1244 3834 1246 3841; x_wconf 79' lang='grc'><strong>’</strong></span> 
     </span>
     <span class='ocr_line' id='line_1_30' title="bbox 134 3950 1127 4048; baseline 0 -20"><span class='ocrx_word' id='word_1_198' title='bbox 134 3954 202 4028; x_wconf 82' lang='lat' dir='ltr'>quos</span> <span class='ocrx_word' id='word_1_199' title='bbox 190 3967 281 4042; x_wconf 85' lang='lat' dir='ltr'>spru</span> <span class='ocrx_word' id='word_1_200' title='bbox 298 3954 468 4042; x_wconf 83' lang='lat' dir='ltr'>canoniea</span> <span class='ocrx_word' id='word_1_201' title='bbox 489 3978 524 4030; x_wconf 84' lang='lat' dir='ltr'>nr</span> <span class='ocrx_word' id='word_1_202' title='bbox 513 3955 604 4029; x_wconf 84' lang='lat' dir='ltr'>runir</span> <span class='ocrx_word' id='word_1_203' title='bbox 605 3954 686 4032; x_wconf 86' lang='lat' dir='ltr'>ioue</span> <span class='ocrx_word' id='word_1_204' title='bbox 701 3950 740 4028; x_wconf 75' lang='lat' dir='ltr'>u</span> <span class='ocrx_word' id='word_1_205' title='bbox 749 3950 903 4030; x_wconf 88' lang='lat' dir='ltr'>terminu</span> <span class='ocrx_word' id='word_1_206' title='bbox 920 3968 1064 4048; x_wconf 86' lang='lat' dir='ltr'>compet</span> <span class='ocrx_word' id='word_1_207' title='bbox 1066 3976 1127 4034; x_wconf 86' lang='lat' dir='ltr'>en</span> 
     </span>
     <span class='ocr_line' id='line_1_31' title="bbox 135 4042 1125 4168; baseline 0.018 -44"><span class='ocrx_word' id='word_1_208' title='bbox 135 4042 178 4124; x_wconf 76' lang='lat' dir='ltr'>tii</span> <span class='ocrx_word' id='word_1_209' title='bbox 181 4055 237 4146; x_wconf 87' lang='lat' dir='ltr'>psu</span> <span class='ocrx_word' id='word_1_210' title='bbox 259 4063 433 4144; x_wconf 74' lang='lat' dir='ltr'>deorum</span> <span class='ocrx_word' id='word_1_211' title='bbox 449 4065 598 4144; x_wconf 86' lang='lat' dir='ltr'>cuilibet</span> <span class='ocrx_word' id='word_1_212' title='bbox 609 4066 823 4168; x_wconf 75' lang='lat' dir='ltr'>assignamus</span> <span class='ocrx_word' id='word_1_213' title='bbox 836 4061 928 4163; x_wconf 88' lang='lat' dir='ltr'>ipsos</span> <span class='ocrx_word' id='word_1_214' title='bbox 949 4059 1138 4142; x_wconf 78' lang='lat' dir='ltr'>deorum</span> 
     </span>
    </p>
   </div>
   <div class='ocr_carea' id='block_1_3' title="bbox 136 4174 1252 4370">
    <p class='ocr_par' dir='ltr' id='par_1_3' title="bbox 136 4174 1252 4370">
     <span class='ocr_line' id='line_1_32' title="bbox 136 4174 1252 4283; baseline -0.001 -23"><span class='ocrx_word' id='word_1_215' title='bbox 136 4174 301 4260; x_wconf 76' lang='lat' dir='ltr'>uenuiuet</span> <span class='ocrx_word' id='word_1_216' title='bbox 316 4203 403 4283; x_wconf 89' lang='lat' dir='ltr'>quos</span> <span class='ocrx_word' id='word_1_217' title='bbox 426 4179 535 4262; x_wconf 86' lang='lat' dir='ltr'>etiam</span> <span class='ocrx_word' id='word_1_218' title='bbox 553 4182 592 4262; x_wconf 90' lang='lat' dir='ltr'>in</span> <span class='ocrx_word' id='word_1_219' title='bbox 613 4182 682 4260; x_wconf 83' lang='lat' dir='ltr'>hiis</span> <span class='ocrx_word' id='word_1_220' title='bbox 715 4179 856 4281; x_wconf 83' lang='lat' dir='ltr'>scriptis</span> <span class='ocrx_word' id='word_1_221' title='bbox 878 4181 1124 4259; x_wconf 76' lang='lat' dir='ltr'>excnrunruni</span> <span class='ocrx_word' id='word_1_222' title='bbox 1247 4215 1252 4245; x_wconf 68' lang='grc' dir='ltr'>ι</span> 
     </span>
     <span class='ocr_line' id='line_1_33' title="bbox 528 4312 1081 4370; baseline -0.005 1"><span class='ocrx_word' id='word_1_223' title='bbox 528 4338 529 4341; x_wconf 25' lang='lat'>¹</span> <span class='ocrx_word' id='word_1_224' title='bbox 952 4312 1081 4370; x_wconf 86' lang='lat' dir='ltr'>camus·</span> 
     </span>
    </p>
   </div>
   <div class='ocr_carea' id='block_1_4' title="bbox 1107 4464 1112 4499">
    <p class='ocr_par' dir='ltr' id='par_1_4' title="bbox 1107 4464 1112 4499">
     <span class='ocr_line' id='line_1_34' title="bbox 1107 4464 1112 4499; baseline 0 0"><span class='ocrx_word' id='word_1_225' title='bbox 1107 4464 1112 4499; x_wconf 82' lang='lat' dir='ltr'>i</span> 
     </span>
    </p>
   </div>
   <div class='ocr_carea' id='block_1_5' title="bbox 0 0 1523 5100">
    <p class='ocr_par' dir='ltr' id='par_1_5' title="bbox 0 0 1523 5100">
     <span class='ocr_line' id='line_1_35' title="bbox 0 0 1523 5100; baseline 0 0"><span class='ocrx_word' id='word_1_226' title='bbox 0 0 1523 5100; x_wconf 95' lang='lat' dir='ltr'> </span> 
     </span>
    </p>
   </div>
  </div>
 </body>
</html>
