2984 5100
498 410 765 468 wrm
1029 418 1099 493 347

111 625 204 693 rent
225 596 599 706 scrupulosocietatis
628 594 778 671 occulta
802 593 864 691 qui
881 586 1008 669 sceleri
1031 592 1147 669 mani·

110 726 208 803 festo
231 720 433 799 desmerent
451 714 627 808 obviare.
720 727 721 730 ‘

203 914 362 1020 ‘Quibus
379 910 571 1017 publicatis
596 900 800 1005 processum
822 904 930 982 estad
945 905 1150 981 locumtra
1251 918 1255 937 ’

112 1036 290 1116 &ationis
313 1034 348 1109 dc
372 1024 467 1109 Rmd
484 1028 625 1127 signum
646 1026 752 1100 dante
773 1024 894 1120 primo
915 1023 1078 1099 omnium
1096 1022 1151 1095 fa.

113 1153 202 1229 slus
219 1148 269 1227 est
283 1147 384 1222 locus
399 1141 545 1242 Legatis
566 1127 822 1213 Leodiemibus
846 1188 857 1225 ‚
898 1136 1005 1212 utne
1033 1131 1151 1211 resur.

113 1266 285 1357 motione
304 1256 521 1360 judiciorum
544 1305 557 1345 ,
602 1274 681 1355 quae
696 1249 875 1325 baberent
889 1250 927 1325 in
940 1248 1115 1335 mandatis
1140 1300 1154 1346 ,

114 1393 388 1487 proponerent.
438 1370 671 1473 Ibiegregius
688 1367 919 1465 jurisperitus
934 1368 986 1445 D.
1006 1366 1154 1445 Officia·-
1240 1410 1248 1433 ι
1364 1356 1366 1367 ⁴

115 1499 163 1572 lis
188 1489 397 1572 Leodienfis
424 1489 584 1585 primunt
621 1484 850 1562 enumeravit
880 1480 1154 1559 confitetudincs

115 1604 311 1709 pravas&
330 1600 467 1681 abusus
485 1600 614 1699 quibus
635 1599 834 1693 deprauata
852 1594 937 1674 esset
952 1601 1156 1678 curraren-

116 1717 284 1813 diensis,
315 1716 512 1818 nigerrime
538 1710 658 1787 omnia
689 1731 895 1814 exponens,
931 1712 1059 1787 deinde
1089 1736 1155 1788 ua.

117 1837 199 1913 rias
220 1827 415 1915 duetorem
432 1824 599 1899 uirorum
616 1819 803 1918 opiniones
812 1820 910 1895 ultro
927 1820 1092 1919 citroque
1118 1824 1156 1905 in

116 1941 264 2042 synodo
280 1932 466 2015 Leodiensr
488 1926 759 2017 controversas,
793 1926 1007 2028 quibusnam
1023 1930 1075 2006 illi
1097 1954 1157 2009 ra·
1209 1946 1213 1952 ’

116 2053 288 2135 tionibus
304 2050 573 2129 arbitrarentur
587 2037 717 2121 abusos
733 2040 815 2115 istos
839 2042 946 2139 quam
965 2044 1156 2125 redliilime
1222 2108 1224 2112 .

117 2165 271 2270 corrigi
282 2160 380 2263 posse
397 2158 585 2257 explicuit,
611 2153 773 2233 disseruit
790 2160 985 2255 qnoquede
996 2160 1157 2241 difficnl.

116 2292 264 2376 tatibus
287 2310 368 2387 quae
398 2286 615 2359 viderentur
628 2279 775 2375 utrique
791 2276 974 2357 sententiae
991 2282 1158 2368 obfisterc

118 2416 188 2495 sed
204 2409 242 2485 dc
267 2408 313 2482 dc
347 2403 515 2480 abusrbus
537 2400 600 2498 qui
621 2398 781 2498 undique
807 2395 965 2479 suboriri
992 2402 1160 2501 possent,

122 2530 254 2612 omnia
271 2524 473 2625 prudenter
499 2520 544 2596 dc-
558 2516 664 2595 dasle
682 2569 695 2613 ,
725 2519 772 2592 ad
788 2518 1011 2614 postremum
1029 2577 1041 2614 ‚
1075 2540 1161 2600 ntra

121 2645 268 2724 certior
286 2635 380 2715 esset
396 2635 560 2711 habenda
575 2632 750 2710 sententia
763 2634 809 2704 ad
828 2633 968 2707 concilii
985 2627 1160 2728 judicium

120 2758 296 2862 residem
314 2779 338 2834 a
355 2775 432 2853 <1110
448 2749 613 2851 P⁰P0scit
627 2747 714 2824 huic
734 2747 867 2824 morbo
886 2743 1042 2826 consuli.¹
1136 2747 1185 2860 η’

110 2958 115 3005 ¹·
230 2945 429 3050 Restabant
445 2942 561 3022 libelli
583 2942 667 3018 aR.
687 2936 763 3018 Drii
784 2937 1073 3019 Mouastetiensts
1092 2943 1161 3020 Le·

122 3083 220 3176 gatp
254 3059 535 3160 Episcopatunm
578 3050 863 3156 Osnaburgenfis
904 3037 1163 3132 dcllliudenss

120 3180 291 3276 nomine.
306 3174 424 3273 pridie
443 3158 595 3250 exhibiti
618 3193 708 3269 quos
728 3167 823 3267 jussit
847 3170 960 3247 Rmtis
976 3167 1104 3246 Prason
1127 3172 1165 3250 'ur
1188 3199 1190 3208 ·

123 3293 301 3379 Concilio
324 3293 470 3392 legere,
509 3302 588 3363 erat
605 3302 727 3368 autem
752 3284 833 3361 -haec
851 3283 930 3360 fere
955 3282 1165 3360 libellorum
1244 3320 1245 3324 κ

123 3414 302 3503 summa,
339 3408 386 3483 R.
405 3404 527 3482 Duum
551 3397 966 3496 lllonasteriensenrqui
986 3398 1083 3478 idem
1110 3411 1166 3476 te*

124 3539 243 3610 neret
258 3519 513 3618 Episcopatum
538 3508 852 3618 osnaburgensem
877 3511 913 3586 dc
936 3513 1167 3592 Mindenseru
1266 3514 1267 3517 ‘

125 3638 379 3734 obsequutum
393 3629 656 3715 monitionibus
685 3627 739 3705 sui
761 3626 1043 3718 Metropolitum
1072 3630 1166 3702 cele·

127 3757 257 3847 braise
268 3759 305 3834 in
321 3737 634 3853 Osnaburgenfid
650 3743 831 3826 Mindeust
846 3739 1168 3839 dioecefibussyno·

131 3882 229 3954 dum
255 3871 301 3945 ad
326 3866 442 3943 studia
461 3860 632 3960 pietatis,
660 3881 740 3956 qnae
762 3857 799 3932 in
818 3854 985 3952 partibus
1001 3850 1071 3926 illis
1093 3851 1167 3948 jam

127 4007 259 4095 prope
280 3981 534 4068 exoleverunt,
564 3972 789 4063 revocanda,
826 3963 943 4044 tulisse
964 3967 1108 4042 decreta
1126 3992 1168 4045 ac

127 4105 345 4202 mandata,
386 4109 427 4172 ut
447 4089 589 4193 praelati
610 4084 810 4166 sacerdotes
836 4081 1028 4162 &Clerici
1054 4082 1168 4160 uitam
1198 4126 1203 4166 ·.

1034 4212 1119 4274 cou-

799 4323 806 4360 t
929 4319 930 4326 ,

1208 3380 1222 3422 s
