2984 5100
313 1163 434 1238 med-ia
450 1161 610 1257 quinque
631 1159 761 1235 delesti
776 1158 830 1235 sui
850 1161 1116 1258 concepissent,
1140 1191 1223 1266 quae
1238 1188 1306 1268 pro
1361 1156 1367 1225 ἶ

312 1294 374 1354 ret
389 1276 461 1349 huc
478 1294 551 1348 non
571 1296 702 1368 parum
724 1275 914 1350 collamrae
935 1275 1180 1377 Panihusque
1193 1284 1307 1364 Coreli

311 1391 444 1463 datura
464 1383 708 1473 occafionem,
730 1386 841 1479 plura
861 1387 910 1458 ad
925 1406 1006 1460 eam
1020 1386 1258 1470 intentionenr
1272 1416 1309 1471 or
1363 1462 1367 1495 ,

311 1502 448 1607 girandi
472 1502 507 1577 dr
529 1500 592 1577 sua
615 1526 761 1600 quoque
778 1505 1048 1580 inventionibus
1069 1508 1144 1584 istis
1166 1513 1311 1604 addendi,

308 1625 387 1699 haec
403 1620 501 1718 posse
516 1622 656 1697 interea
670 1624 758 1699 dum
776 1622 966 1701 causarum
987 1627 1179 1707 auditores
1192 1630 1315 1710 suntid

307 1742 398 1817 tenti
417 1740 658 1838 inquirendis,
684 1742 894 1834 audiendis,
919 1745 1170 1826 examinandis
1182 1748 1266 1827 &in
1276 1774 1317 1828 or.

309 1857 429 1987 dinem
450 1857 661 1957 colligendis
677 1856 778 1929 vitiis
795 1860 954 1953 querens
982 1861 1021 1937 dr
1040 1871 1319 1966 grauumimlrus,

274 2569 366 2641 re,
408 2564 486 2620 tum
516 2545 750 2621 Ρτοιίιιιίιιὶίς
776 2545 839 2623 illc
875 2549 1032 2624 nomo
1020 2575 1199 2633 innuente
1227 2563 1322 2659 coplt
1364 2556 1367 2562 ’

300 2682 509 2788 proponere
534 2657 669 2759 synodo
687 2661 906 2752 mediailla,
931 2686 1095 2758 quorum
1115 2672 1320 2769 triapraele
1353 2671 1366 2743 l

301 2776 422 2853 dione
442 2774 548 2847 unica
567 2771 742 2847 absolvit:
776 2773 835 2848 De
863 2773 1104 2855 instaurandis
1126 2785 1322 2867 litterarum
1355 2807 1367 2855 ῑ

298 2892 434 2973 studiis.
485 2891 543 2964 De
564 2891 733 2965 ministris
747 2890 912 2966 eeclesrae
938 2891 974 2965 d
996 2894 1223 2982 instituendis
1246 2932 1321 2986 exa-
1358 2959 1367 2990 .-

297 3014 387 3090 mini
410 3007 661 3083 submittendis
678 3006 712 3079 dr
728 3011 773 3082 de
792 3008 1008 3108 Officiqrum
1023 3018 1236 3107 prestitione
1253 3027 1321 3103 exi·
1358 3037 1363 3084 ἱ

296 3129 435 3232 gendo,
466 3143 507 3196 ut
527 3143 630 3197 erant
656 3124 718 3197 illa
747 3123 784 3207 in
812 3128 931 3222 capita
954 3132 1114 3224 plurima
1140 3145 1319 3221 adeledis
1359 3173 1367 3197 ι

296 3246 474 3338 ἀεάιιὲιι,
501 3242 691 3342 rogatique
711 3241 792 3319 sunt
808 3246 947 3339 Patres,
980 3274 1069 3327 num
1090 3259 1254 3351 placeret
1279 3267 1319 3343 de

295 3364 365 3437 illis
387 3361 547 3454 primum
571 3356 738 3433 conferre
754 3358 788 3433 dr
804 3361 961 3439 tradlare
977 3368 1196 3467 priusquam
1210 3382 1253 3452 ad
1267 3402 1321 3457 re·

294 3476 394 3570 liqna
414 3476 685 3569 procederetur.
734 3476 920 3553 Dixerunt
933 3477 969 3553 se
989 3499 1118 3577 petere
1130 3510 1319 3592 concepto

292 3612 374 3665 rum
406 3590 610 3663 mediorum
632 3593 821 3687 exempla,
861 3617 932 3689 quo
961 3591 1104 3692 possent
1133 3626 1181 3680 ea
1204 3606 1317 3688 secum

290 3707 392 3803 prius
416 3708 620 3799 expendere
642 3729 683 3779 ac
700 3707 828 3782 deinde
847 3705 1023 3805 judicium
1038 3712 1147 3793 suum
1163 3721 1358 3801 dicere.

386 3913 653 4011 AnnuitRmus
667 3928 821 4030 Praeses,
845 3951 887 4010 ut
900 3931 1367 4046 smgulaeEpiscopommfr
1351 3827 1367 3940 Ἰ

289 4050 532 4154 legationess
524 4073 612 4125 uum
627 4048 839 4146 scriptorem
857 4053 1048 4158 &singula
1063 4062 1214 4142 Patrunr
1232 4068 1311 4144 reli·
1344 3987 1367 4166 'g

288 4187 447 4264 quorum
466 4165 705 4241 contubernia
729 4188 842 4293 unum
861 4189 1046 4250 conventu
1065 4176 1210 4254 dimisso
1233 4178 1312 4270 sull-
1353 4219 1367 4281 q

1135 4297 1258 4374 mitte·
