2984 5100
499 495 778 583 *MV*
1050 525 1098 588 ιι

111 688 234 772 cresim
263 662 452 768 existentes
468 689 733 770 beneficiorum
763 689 965 772 collatores
989 693 1148 782 benivot
1214 747 1220 756 ·

111 801 234 882 lentiae
263 801 374 879 officii
396 804 555 881 monitor
571 803 757 904 facerent,
800 823 1068 911 regarentqne,
1101 831 1147 895 ut

112 910 329 995 iurantibus
344 909 528 996 beneficiis
549 918 593 997 de
618 939 748 995 eorum
764 918 956 999 collatione
975 921 1143 1054 &dispo-
1150 929 1156 936 ’

111 1029 240 1108 srtione
261 1029 503 1128 pendentibus
525 1026 722 1128 personis
710 1053 747 1106 ιιι
763 1030 933 1128 precibus
950 1034 1143 1116 nominatis

112 1144 428 1241 providerentq'
396 1165 518 1247 eisque
536 1141 837 1232 confermatam
853 1146 900 1220 ad
922 1169 964 1222 ea
980 1147 1145 1223 nomina-

113 1274 218 1358 rent3
236 1262 378 1356 'verum
397 1280 487 1334 cum
510 1257 615 1334 nobis
638 1256 809 1334 diledlum
825 1259 873 1337 N.
900 1261 1029 1338 nostrae
1055 1261 1147 1340 dirc-

115 1375 214 1452 coefis
233 1375 417 1451 Clericuru
434 1390 589 1472 propter
612 1373 842 1477 suffragantia
867 1378 985 1456 eidem
1011 1378 1145 1456 merita¹

111 1497 316 1594 plurimum
338 1497 629 1571 commendatum
643 1494 856 1591 habeamus,
869 1493 1153 1576 Ecclefiaetiam·

115 1603 236 1690 vestra
250 1632 410 1688 annuam
426 1611 783 1710 apraedecelsoribus
799 1613 925 1690 uostris
949 1616 1142 1714 percipere

114 1724 347 1802 consueverit
373 1723 601 1826 largitionem
624 1724 951 1820 &liberationem
978 1731 1075 1822 quod
1090 1727 1147 1802 ci·'
1193 1791 1200 1813 ι
1272 1814 1276 1822 ,

113 1855 169 1920 tra
196 1841 518 1939 exprobrationem
540 1845 782 1944 attingimus,
815 1845 911 1920 unde
943 1864 1010 1916 vos
1032 1839 1143 1916 officii

113 1951 237 2030 debito
252 1951 486 2032 admonentes
503 1957 721 2067 requirimus
741 1953 1005 2051 dehortamur,
1031 1975 1143 2058 roga,

113 2090 288 2168 miraque,
309 2087 352 2182 ut
366 2071 583 2149 beneficium
591 2063 872 2152 Ecclesiasticum
889 2077 932 2148 de
946 2071 1150 2149 vestrano·
1194 2099 1196 2104 ·

114 2187 312 2272 minatione
337 2183 603 2284 dispositione
624 2191 817 2266 collatione
844 2205 910 2267 aut
931 2184 1147 2303 provisrone

115 2299 335 2402 coujunfflm
356 2306 418 2380 vel
448 2299 590 2379 divisum
607 2301 786 2398 existens,
814 2300 912 2403 quod
928 2299 1147 2434 proximum

116 2417 329 2514 vocaverit,
353 2413 541 2516 dislusque
556 2417 608 2496 N.
626 2431 690 2495 aut
703 2417 887 2522 legitimus
906 2415 981 2516 ejus
1003 2437 1147 2525 procu·

117 2553 213 2613 rator
233 2560 258 2613 ι
274 2535 380 2614 vobu
395 2533 463 2615 srbi
479 2535 638 2617 conferri
656 2537 916 2635 postulaverit,
954 2559 1021 2612 vos
1052 2556 1138 2635 pre·

116 2674 194 2730 cum
209 2648 438 2747 nostrarum,
459 2648 679 2751 suorumque
699 2652 917 2747 meritorum
932 2650 1066 2725 intuitu
1086 2646 1139 2721 ei-

116 2768 193 2847 dem
216 2766 437 2866 conferatis,
459 2765 779 2869 polseffionemque
798 2770 1001 2871 expeditam
1016 2768 1138 2845 trada·
1164 2774 1169 2787 '

118 2884 160 2962 tis
178 2886 213 2961 dr
230 2886 329 2961 tradi
346 2884 507 2985 faciatis,
530 2911 605 2965 non
619 2902 789 2988 negatum
778 2884 906 2963 nobis
925 2884 1019 2980 io,
1008 2909 1047 2961 ιιι
1063 2902 1137 3017 quo
1168 2939 1170 2943 -

118 3004 221 3080 multi
235 3000 498 3107 obsequuntur,
524 3004 879 3105 obtemperantque,
911 3002 1015 3081 nobis
1040 3000 1138 3081 enim

118 3119 351 3197 memorabile
372 3120 443 3197 erit
468 3120 708 3201 drausiuram
728 3120 921 3199 nostram
909 3144 947 3197 ur
968 3142 1033 3193 vos
1050 3142 1135 3221 gra

118 3234 198 3313 tiam
222 3233 474 3346 singularem,
504 3236 613 3350 qu'od
622 3236 650 3315 st
674 3236 845 3333 precibus
864 3234 991 3311 nostris
1012 3236 1142 3313 locum·
1171 3268 1176 3291 =

120 3356 293 3456 negaretis
309 3378 385 3434 uon
396 3356 433 3435 in
431 3353 530 3456 juria
547 3354 770 3440 incivilitatis
793 3354 922 3437 vestra
937 3354 1134 3491 notaremi-

121 3469 163 3548 ni
187 3472 280 3552 data
299 3471 368 3554 oc
