2984 5100
1083 258 1141 324 Ι,Ο

536 469 828 541 m·
921 576 926 583 ,
1053 462 1170 575 ¹363¹
1260 432 1286 570 ⁸,
1379 542 1382 555 .

244 668 424 764 Abbates
437 669 581 747 Praelati
595 667 632 745 tir
645 670 768 748 Patres
777 692 850 747 nno
868 624 1185 753 uredinemntlibi
1276 744 1278 751 ,
1306 764 1308 775 ,

139 784 369 887 persuasum
386 810 429 863 ea
444 808 525 884 quar
547 788 585 863 in
606 786 890 884 conproversram
915 788 997 863 ullis
1015 792 1130 891 dignis
1148 790 1186 867 dc

138 897 482 1007 iustissationibus
503 903 600 979 trabi
618 900 770 1001 possent,
796 902 1184 1004 omniaAugullaepri.
1236 998 1239 1007 Ι
1315 900 1344 945 ··

140 1039 186 1093 us
206 1012 285 1098 effe
304 1016 483 1111 discussa,
508 1042 577 1095 nec
593 1019 752 1116 stupidos
769 1020 859 1095 adeo
875 1015 1051 1095 seducere
1068 1018 1184 1097 Caesa-

139 1147 249 1206 ream
278 1132 513 1230 Maiestatem
532 1134 567 1209 dt
584 1132 845 1211 Ecclefiasticos
870 1134 1022 1231 Imperii
1038 1136 1183 1213 ordines

142 1267 186 1325 ut
210 1250 366 1331 fruetus
382 1256 597 1332 immaturos
615 1254 826 1352 parmrire,
853 1254 992 1353 totique
1009 1256 1182 1333 Christia·
1286 1344 1288 1353 χ

139 1382 189 1434 no
215 1365 310 1441 orbi
327 1389 513 1465 exponere
527 1366 711 1443 voluerint
729 1382 838 1461 atque
859 1367 950 1441 adeo
965 1362 1181 1462 supervaca-

140 1504 256 1558 neum
282 1481 368 1559 fore
387 1484 550 1560 laborem
567 1484 671 1559 illum
690 1483 727 1558 dr
742 1481 933 1559 hominum
960 1481 1179 1583 otiosorum,

140 1618 394 1707 quapropter
417 1599 590 1680 sentirent
607 1622 689 1679 curn
707 1597 976 1679 Leodiensrbus.

241 1835 366 1917 Rmits
381 1834 485 1916 Dniis
505 1836 665 1914 collectis
681 1824 860 1939 suffragiis
871 1834 908 1911 in
915 1856 1025 1914 unam
1038 1834 1179 1915 senten·

143 1957 234 2034 tiam
259 1954 371 2034 distis
399 1955 598 2033 arbitratus
632 1952 683 2029 est
702 1954 755 2029 ita
781 1976 864 2031 cunr
885 1952 1176 2052 Trajedlensrbus

143 2074 358 2174 agendum,
382 2094 429 2149 ne
444 2071 547 2168 queri
561 2064 926 2167 possentsefrustrari
940 2067 1179 2168 respondendi
1240 2066 1245 2075 ’

142 2188 381 2290 potestate&
403 2213 477 2267 non
498 2191 653 2267 auditos>
660 2187 841 2287 judicari,
873 2188 1027 2285 proinde
1043 2194 1180 2283 censuit

144 2308 241 2386 banc
269 2307 489 2409 tragoediam
516 2305 693 2382 adfinem
714 2304 868 2383 Concilii
893 2300 1175 2407 suspendendam

146 2450 188 2504 ac
206 2441 290 2502 tum
312 2426 459 2503 demum
478 2425 544 2501 ubi
561 2426 804 2536 eristimarent
824 2424 890 2501 fibi
904 2450 976 2504 non
994 2426 1061 2505 else
1076 2426 1175 2508 satis-

146 2544 309 2638 sablum,
336 2544 550 2640 potestatem
578 2542 629 2645 eis
651 2542 875 2641 faciendam,
914 2546 1090 2644 quidlibet
1111 2575 1176 2648 pe-

146 2662 265 2752 tendi,
293 2642 534 2754 respondendi
553 2655 588 2753 cic
606 2657 799 2748 monendi,
825 2643 1177 2755 quaesfesrtentiaonl-
1204 2654 1208 2663 ’
1264 2717 1273 2732 κ

149 2779 255 2854 nibus
271 2773 423 2873 placuit.
448 2770 629 2850 Revocati
645 2767 728 2845 sunt
739 2769 863 2866 itaque
879 2770 916 2847 in
935 2774 1055 2852 locum
1071 2775 1176 2864 sunm
1312 2803 1342 2826 ··

145 2887 318 2988 tiz-juffos
342 2887 392 2964 est
421 2884 657 2964 Provincialis
687 2883 809 2960 dicere
849 2885 938 2966 Rmi
969 2889 1175 2988 chatrunr
1259 2968 1296 3004 ·.
1376 2897 1381 2906 ’

146 3010 355 3086 unanimem
364 3002 576 3082 sententiam
588 3000 683 3078 hanc
698 2997 779 3078 else.
813 3002 899 3081 Non
912 3009 1174 3096 extrahendum

145 3140 289 3224 tempus
310 3124 431 3227 longis
455 3120 780 3217 altercationibus,
814 3125 911 3220 quod
941 3128 1174 3228 grauioribus

143 3235 410 3316 &utilioribus
423 3231 551 3337 synodi
578 3231 734 3335 negotiis
763 3233 931 3326 daretur,
959 3259 1024 3313 nec
1043 3237 1078 3317 se
1099 3243 1189 3330 buc¹

146 3345 409 3434 convenissent
431 3345 702 3424 reformationis
723 3343 922 3426 formulam
946 3351 1062 3429 denuo
1087 3381 1173 3436 exa-

146 3464 330 3545 minarent
345 3464 381 3540 &
398 3464 437 3540 in
452 3462 605 3540 dubium
619 3465 679 3538 vel
690 3464 739 3538 ad
762 3463 930 3540 incudem
952 3487 1172 3551 revocarent
1288 3529 1292 3538 .
1310 3530 1315 3544 ,

148 3606 226 3660 eam
240 3605 364 3684 nuper
376 3578 521 3674 cusam,
546 3580 775 3678 formatam,
804 3584 995 3681 probatam
1015 3583 1097 3666 satis
1117 3608 1172 3670 at-

149 3723 218 3796 que
232 3713 444 3798 receptam,
475 3697 537 3776 sed
560 3700 681 3796 potius
706 3715 750 3777 ut
766 3703 810 3778 de
831 3703 1072 3800 exequutione
1094 3708 1182 3805 ejus·

149 3818 373 3919 cogitarent,
405 3839 478 3917 qua
496 3817 535 3894 in
548 3839 591 3894 re
603 3815 914 3915 supervacaneum
929 3818 1015 3897 esset
1032 3820 1170 3921 discep

150 3928 369 4037 tare,³quod
384 3938 620 4021 Grammatici
638 3936 753 4017 solent
769 3942 812 4016 de
825 3940 938 4022 literis
961 3941 995 4016 dr
1011 3938 1168 4044 syllabis,

148 4045 495 4157 ProptereaRmum
519 4037 643 4130 Dr'nim
672 4052 707 4129 dr
731 4054 852 4131 Patres
870 4041 1022 4132 Concilii
1046 4045 1171 4153 petere

150 4166 195 4249 ab
217 4171 267 4252 eis
290 4195 339 4252 ne
358 4175 475 4254 velint
495 4195 679 4253 remoram
717 4174 810 4253 hanc
832 4175 994 4255 Concilio
1022 4172 1171 4273 injicere

1055 4311 1141 4376 alltc
