2984 5100
538 532 829 602 m
1112 500 1263 638 σφ’

239 719 477 800 ordinationis
494 719 702 822 hujusmodi
723 722 790 803 sub
816 725 920 823 penis
944 718 980 803 ἃ
999 720 1126 813 formis
1145 733 1206 817 su·

239 836 304 912 rius
329 834 512 932 expressis.
563 838 613 914 Hi
635 861 727 916 vero
752 838 815 936 qui
843 838 880 916 in
903 835 1011 917 sacris
1034 844 1102 923 hac
1122 849 1205 931 vice

240 977 252 1031 ι
278 948 362 1031 sunt
388 955 569 1033 constituti
593 959 654 1034 vel
679 957 767 1033 alias
796 932 1002 1053 acapimlo
1023 958 1203 1068 suspensi,

241 1067 306 1143 .de
327 1063 583 1144 consuetudine
603 1090 676 1144 non
702 1063 896 1143 residentes
923 1064 1085 1169 fuerint,
1114 1075 1204 1159 dum

248 1184 365 1265 sacros
393 1190 537 1265 ordines
559 1212 618 1265 eos
649 1187 810 1265 ordinari
836 1186 896 1263 vel
924 1190 971 1265 ad
991 1190 1205 1289 Capitulum

240 1306 320 1382 iitui
333 1306 548 1408 eontigerit,
574 1303 809 1383 habebunt&
831 1320 1005 1403 poterunt
1021 1314 1204 1407 perereio

240 1422 298 1498 tdu
311 1416 387 1498 suo.
439 1419 509 1497 Sed
538 1420 728 1498 sitandin
760 1419 973 1499 diihrlerunt
1001 1425 1201 1506 ordinatio·

240 1557 284 1624 u,
307 1536 365 1609 vei
388 1555 588 1632 procurare
610 1532 647 1613 se
670 1534 840 1628 restituo,
862 1533 962 1630 quod
982 1535 1045 1613 alii
1063 1541 1113 1617 eis
1131 1565 1201 1641 po·

240 1651 348 1728 riores
367 1651 640 1744 ordinarentur,
665 1651 725 1723 vei
745 1646 901 1724 ordinati
918 1647 969 1723 eis
990 1651 1199 1744 perferren.

246 1817 259 1855 ,
282 1761 351 1839 hec
365 1759 432 1839 srbi
450 1763 653 1859 imputent,
677 1760 847 1859 quantia
859 1759 1101 1877 patiunturert
1120 1775 1200 1851 cul.

240 1880 317 1958 sua.
370 1881 617 1960 Veruntamen
639 1879 910 1980 quamprimum
933 1902 978 1955 ex
999 1884 1080 1978 post
1101 1885 1199 1973 fatto

239 2001 338 2077 iinati
357 2002 417 2076 vel
439 2001 594 2078 restituti
616 1998 772 2092 fuerint,
811 1999 849 2077 in
875 1994 948 2077 suis
970 2003 1140 2097 precibus
1162 2010 1202 2095 in

239 2120 298 2196 tdu
323 2133 409 2195 tunc
428 2118 599 2216 proximo
629 2115 719 2193 ficut
745 2116 859 2192 ceteri
878 2117 1137 2215 admittentur,
1165 2127 1203 2207 ἁ

246 2232 377 2310 eodem
392 2232 500 2308 modo
522 2251 591 2327 pro
609 2229 802 2306 eoncordia
820 2227 978 2305 fratrum
995 2230 1032 2308 in
1056 2239 1201 2321 eeclesn

239 2348 303 2423 ira
333 2347 370 2422 in
403 2341 673 2441 prebendarum
690 2341 954 2423 pollutionibus
976 2343 1203 2439 observanda

240 2462 365 2539 *ebion
380 2460 552 2539 videlicet.
569 2459 665 2555 quod
678 2459 804 2556 primis
820 2461 1032 2561 duodecim,
1064 2465 1100 2541 dt
1119 2471 1202 2554 aliis

239 2581 372 2668 odeeim
395 2578 568 2677 preditiis
590 2578 792 2673 prebendas
815 2576 1000 2677 affeeutis,
1030 2582 1204 2672 itoruma

240 2703 319 2777 iore
339 2697 456 2800 gradu
473 2693 632 2791 Capituli
649 2695 758 2770 nostri
777 2694 1024 2789 reincipiatur.
1056 2700 1122 2778 hec
1142 2725 1203 2781 ea-

238 2842 262 2894 n
281 2814 460 2892 ordinatio
485 2810 520 2887 de
540 2813 714 2908 procedet
727 2808 816 2885 sieut
833 2811 934 2905 prius
952 2810 987 2886 dr
1004 2814 1076 2890 hoe
1091 2819 1202 2899 tocies

238 2933 327 3010 oties
358 2931 527 3007 revoluto
560 2948 712 3003 numero
742 2926 923 3020 completo
954 2927 993 3002 id
1020 2934 1204 3035 occurrit,

237 3066 360 3151 petuo
372 3045 589 3123 faciendum.
643 3046 688 3117 Et
701 3059 741 3116 ut
763 3040 888 3117 hecub
904 3044 1069 3121 omnibus
1084 3046 1203 3149 nobis,

236 3170 377 3273 singulis
393 3191 415 3243 a
432 3164 568 3262 urajore
587 3157 648 3240 seu
668 3161 815 3239 Seniore
837 3165 957 3259 quoad
974 3168 1129 3265 gradum
1143 3169 1202 3248 In.

238 3289 311 3366 itus
326 3280 381 3362 sui
402 3277 642 3357 descendendo
660 3277 919 3355 inviolabiliter
939 3276 1200 3384 observentur,

246 3406 383 3481 horum
406 3396 669 3473 observantiam
688 3419 751 3470 nos
774 3393 842 3469 fide
862 3397 946 3471 data
960 3397 1201 3498 astringimus,

234 3517 365 3617 poraii
387 3512 495 3611 super
523 3513 634 3587 hoca
660 3510 805 3609 finguiis
832 3510 935 3589 tediis
963 3510 1199 3596 Sacrounuis

233 3633 409 3737 angelicis
449 3626 656 3733 interposrto
696 3625 911 3723 juramento.
982 3630 1022 3706 Iu
1069 3634 1204 3710 horum

232 3749 347 3827 mium
367 3743 605 3819 testimonium
630 3741 664 3812 de
684 3738 891 3814 firmitatem
919 3741 1113 3830 petiuimus
1135 3764 1203 3837 per

232 3868 304 3940 ium
328 3860 365 3934 in
381 3857 520 3941 Christo
540 3857 679 3931 Patrem
695 3874 737 3925 ac
755 3852 952 3925 Dominum
975 3855 1134 3929 nostrum
1147 3855 1199 3934 D.

231 3977 382 4053 enricum
398 3971 433 4047 S.
451 3973 576 4046 Colon.
598 3967 741 4044 ecclefie
762 3964 1084 4065 Arebiepisoopum
1101 3987 1201 4049 ante·

230 4089 315 4165 :tam
341 4086 494 4161 nostram
524 4080 783 4157 ordinatimem
825 4075 1007 4154 nobir'cum
1032 4083 1133 4156 {intui
1166 4082 1203 4168 og
1279 4109 1283 4114 ·

229 4201 366 4295 dinati2
390 4197 426 4276 dt
446 4218 525 4274 eam
543 4216 611 4294 per
628 4192 781 4269 eundem
798 4191 995 4291 approbari
1014 4190 1048 4266 ti
1070 4198 1201 4280 coufir-

717 4303 798 4377 Eu
1062 4312 1156 4392 mati
