2984 5100
402 509 472 587 3⁷4
684 486 705 573 -J
730 472 997 537 m

341 698 346 707 ’
451 678 555 773 Jullit
572 676 692 772 itaque
712 666 829 749 lels
855 660 1058 766 tiguillcme
1075 654 1235 737 RcElol'i
1256 652 1296 727 δι
1309 651 1368 728 De

325 788 333 834 ³
352 787 451 868 cenis
466 796 622 883 quantor
637 779 849 859 facultatum
858 780 980 877 eisque
996 779 1057 876 qui
1076 774 1370 872 praebenduspri·

323 933 328 940 ’
351 930 424 989 mre
446 898 779 1009 gratiaehubereut,
803 916 932 975 votum
942 896 1095 975 concilii
1108 917 1157 971 ne
1174 902 1370 996 graveren-

351 1033 415 1097 tur
434 1009 606 1113 postridie
632 1011 679 1087 ad
707 1005 914 1088 consuetam
936 1002 1090 1084 semoris
1121 1004 1259 1081 horam
1278 1020 1367 1077 corn-

351 1153 497 1235 parere·

446 1354 595 1439 Censuit
635 1352 778 1453 quoque
816 1348 932 1429 leis
967 1342 1174 1447 petentibus
1207 1340 1367 1419 Patribus

350 1460 620 1556 coronaturus
629 1475 834 1570 exemplum
851 1466 1218 1553 communicandum,
1246 1465 1296 1536 ad
1307 1462 1367 1536 du

349 1586 561 1678 cutleudum
592 1611 635 1668 ea
654 1609 735 1684 quae
750 1586 969 1665 videbantur
995 1580 1203 1685 conciliata,
1231 1603 1287 1655 ne
1296 1579 1367 1654 uul-

349 1698 393 1781 lis
420 1700 518 1779 teile
539 1703 675 1781 oleum
703 1702 845 1781 ratione
861 1700 964 1782 dietis
990 1695 1167 1797 suffiogiis
1182 1718 1260 1771 non
1275 1692 1367 1771 satis-

348 1810 499 1910 feeerit,
523 1821 647 1917 itaque
668 1818 832 1895 Patribus
853 1814 999 1895 dimiffis
1023 1864 1037 1907 ,
1061 1814 1160 1889 locus
1183 1811 1367 1911 aptandio

340 1930 469 2015 -ftfi'tus
485 1936 534 2015 ell
546 1935 795 2035 scriptoribus
818 1931 1032 2035 excipiendi.

731 2172 832 2277 Seffto
855 2179 973 2258 Nona.
1096 2262 1098 2266 Α
1155 2215 1164 2232 ,

436 2336 619 2439 Vigessma
633 2338 763 2419 Martii
779 2364 860 2433 curn
877 2337 992 2416 Rmtis
1018 2336 1122 2415 Dfius
1144 2336 1267 2439 Archi
1290 2338 1369 2436 Epi-

302 2443 307 2455 ’
349 2448 475 2549 scopus
500 2452 533 2525 tir
557 2449 677 2531 Patres
703 2476 772 2554 pro
797 2474 900 2530 more
926 2451 1005 2549 poll
1026 2446 1161 2527 Divina
1193 2448 1367 2543 consedis-

348 2561 455 2656 sent,
482 2567 689 2644 nunciatum
714 2569 764 2646 est
785 2565 908 2644 Dmro
930 2563 1124 2644 Rectorem
1144 2563 1367 2648 Univerfita-

290 2768 294 2774 ,
333 2671 394 2764 'tis
422 2676 503 2762 curu
518 2676 678 2773 'De-oanis
700 2691 764 2770 IV.
784 2689 1000 2768 'facultatum
1021 2683 1055 2758 tir
1079 2678 1269 2770 canonicis
1296 2687 1367 2782 pri·

266 2876 269 2883 ,
333 2789 415 2908 Jmae
434 2803 561 2906 gretiae
587 2811 752 2889 undecim
776 2803 1021 2908 Collegiorum
1045 2799 1223 2878 accersrtis
1238 2801 1366 2898 adesse,

347 2940 438 3020 qnos
461 2916 703 3009 intromittere
730 2925 768 3002 iu
794 2915 994 3000 Concilium
1018 2917 1200 3014 placuit,
1232 2915 1300 2992 ubi
1323 2917 1366 2992 ob

188 3105 194 3122 ,
339 3033 566 3130 Apostolicae
588 3034 678 3114 sedis
697 3035 938 3116 reuerentiam
961 3031 1109 3110 Rectori
1132 3029 1232 3107 sedes
1256 3033 1367 3128 posrta

345 3131 423 3224 est
412 3173 449 3224 rn
463 3151 583 3228 medio
609 3152 762 3234 Concilii
784 3157 908 3240 locoe
889 3149 1081 3261 eregione
1098 3147 1185 3230 Rmi
1199 3148 1278 3228 Dni
1291 3149 1364 3226 Ar·

344 3266 403 3344 chi
425 3265 612 3368 Episcopi
635 3273 775 3353 coeteris
802 3276 954 3378 atelgo
963 3267 1038 3369 ejus
1057 3269 1243 3348 stantibus
1282 3271 1367 3348 Pro

333 3375 528 3476 ⁸posttaque
553 3383 652 3457 est
620 3408 670 3462 ers
690 3381 793 3464 causa
814 3387 860 3464 ob
880 3406 1006 3500 quarn
1015 3380 1175 3460 accersrti
1196 3398 1305 3460 erant
1332 3385 1364 3462 iu

341 3507 436 3587 hauc
459 3505 690 3606 sententiaro,
714 3516 849 3599 Rntllm
864 3492 988 3594 Dulim
1008 3513 1127 3590 Archi
1147 3511 1363 3613 Episcopum

339 3627 542 3738 Principem
578 3635 782 3719 electorem
808 3637 875 3716 irc.
911 3659 993 3716 cum
1033 3649 1124 3710 toto·
1141 3632 1363 3734 provinciali

258 3773 263 3791 -·
341 3738 504 3818 Concilio
522 3742 559 3820 in
580 3769 622 3822 eo
639 3761 732 3823 totos
754 3747 841 3841 elle,
876 3764 918 3823 ut
933 3744 1232 3822 reformationem
1247 3768 1270 3822 a
1287 3749 1361 3826 Cae·

338 3849 441 3936 suren
462 3861 650 3958 lllnjellate
675 3863 921 3940 Ecclefiasticis
945 3862 1094 3959 Imperii
1117 3861 1266 3942 statium
1282 3865 1361 3944 Au·

337 3987 419 4092 gull
421 4010 450 4059 ae
473 3986 693 4087 propostam
715 3988 812 4064 &ab
833 3985 1008 4064 uuiverfis
1029 3987 1138 4076 status
1153 3988 1250 4064 illius
1265 3987 1361 4066 orni·

336 4106 444 4194 nibus
468 4135 653 4214 receptam
688 4133 976 4273 exequerentur,
1011 4121 1050 4201 id
1074 4123 1174 4220 quud
1188 4117 1356 4310 Ι(ὗὲεεΐιιιει

1235 4254 1310 4332 ape-
